%YAML 1.1
%TAG !u! tag:unity3d.com,2011:
--- !u!1 &36082571690708659
GameObject:
  m_ObjectHideFlags: 0
  m_CorrespondingSourceObject: {fileID: 0}
  m_PrefabInstance: {fileID: 0}
  m_PrefabAsset: {fileID: 0}
  serializedVersion: 6
  m_Component:
  - component: {fileID: 6420461008548329384}
  m_Layer: 0
  m_Name: mixamorig7:RightLeg
  m_TagString: Untagged
  m_Icon: {fileID: 0}
  m_NavMeshLayer: 0
  m_StaticEditorFlags: 0
  m_IsActive: 1
--- !u!4 &6420461008548329384
Transform:
  m_ObjectHideFlags: 0
  m_CorrespondingSourceObject: {fileID: 0}
  m_PrefabInstance: {fileID: 0}
  m_PrefabAsset: {fileID: 0}
  m_GameObject: {fileID: 36082571690708659}
  m_LocalRotation: {x: -0.014257662, y: -0.000029803557, z: -0.006689615, w: 0.999876}
  m_LocalPosition: {x: 0.0000000065937638, y: 0.41455898, z: 2.6077032e-10}
  m_LocalScale: {x: 0.99999994, y: 0.99999976, z: 0.9999998}
  m_Children:
  - {fileID: 1139607038868432817}
  m_Father: {fileID: 4347328239035312993}
  m_RootOrder: 0
  m_LocalEulerAnglesHint: {x: 0, y: 0, z: 0}
--- !u!1 &340329724568110263
GameObject:
  m_ObjectHideFlags: 0
  m_CorrespondingSourceObject: {fileID: 0}
  m_PrefabInstance: {fileID: 0}
  m_PrefabAsset: {fileID: 0}
  serializedVersion: 6
  m_Component:
  - component: {fileID: 4813899307962658093}
  m_Layer: 0
  m_Name: mixamorig7:RightHandThumb2
  m_TagString: Untagged
  m_Icon: {fileID: 0}
  m_NavMeshLayer: 0
  m_StaticEditorFlags: 0
  m_IsActive: 1
--- !u!4 &4813899307962658093
Transform:
  m_ObjectHideFlags: 0
  m_CorrespondingSourceObject: {fileID: 0}
  m_PrefabInstance: {fileID: 0}
  m_PrefabAsset: {fileID: 0}
  m_GameObject: {fileID: 340329724568110263}
  m_LocalRotation: {x: 0.00024486776, y: -0.004174304, z: 0.10600232, w: 0.9943571}
  m_LocalPosition: {x: -0.005605362, y: 0.033623617, z: -0.0000002863491}
  m_LocalScale: {x: 1, y: 0.99999994, z: 1}
  m_Children:
  - {fileID: 4797254608109439576}
  m_Father: {fileID: 3480250678402925770}
  m_RootOrder: 0
  m_LocalEulerAnglesHint: {x: 0, y: 0, z: 0}
--- !u!1 &443727697658311401
GameObject:
  m_ObjectHideFlags: 0
  m_CorrespondingSourceObject: {fileID: 0}
  m_PrefabInstance: {fileID: 0}
  m_PrefabAsset: {fileID: 0}
  serializedVersion: 6
  m_Component:
  - component: {fileID: 3477384652010480635}
  m_Layer: 0
  m_Name: mixamorig7:LeftHandRing3
  m_TagString: Untagged
  m_Icon: {fileID: 0}
  m_NavMeshLayer: 0
  m_StaticEditorFlags: 0
  m_IsActive: 1
--- !u!4 &3477384652010480635
Transform:
  m_ObjectHideFlags: 0
  m_CorrespondingSourceObject: {fileID: 0}
  m_PrefabInstance: {fileID: 0}
  m_PrefabAsset: {fileID: 0}
  m_GameObject: {fileID: 443727697658311401}
  m_LocalRotation: {x: 0.0000022310903, y: 0.00008591364, z: -0.00349312, w: 0.9999939}
  m_LocalPosition: {x: 0.000055387616, y: 0.02721451, z: 0.00000025590998}
  m_LocalScale: {x: 0.9999999, y: 1.0000001, z: 1}
  m_Children:
  - {fileID: 4608035708170208255}
  m_Father: {fileID: 2483493866039083900}
  m_RootOrder: 0
  m_LocalEulerAnglesHint: {x: 0, y: 0, z: 0}
--- !u!1 &472629315983729865
GameObject:
  m_ObjectHideFlags: 0
  m_CorrespondingSourceObject: {fileID: 0}
  m_PrefabInstance: {fileID: 0}
  m_PrefabAsset: {fileID: 0}
  serializedVersion: 6
  m_Component:
  - component: {fileID: 9087954029798195078}
  - component: {fileID: 1494338019064245186}
  m_Layer: 0
  m_Name: Ch08_Eyelashes
  m_TagString: Untagged
  m_Icon: {fileID: 0}
  m_NavMeshLayer: 0
  m_StaticEditorFlags: 0
  m_IsActive: 1
--- !u!4 &9087954029798195078
Transform:
  m_ObjectHideFlags: 0
  m_CorrespondingSourceObject: {fileID: 0}
  m_PrefabInstance: {fileID: 0}
  m_PrefabAsset: {fileID: 0}
  m_GameObject: {fileID: 472629315983729865}
  m_LocalRotation: {x: 0.00000008146034, y: -0.00000004371139, z: 3.5109547e-15, w: 1}
  m_LocalPosition: {x: 0.00000001385808, y: -0.0000000056624416, z: 0.0000000020069992}
  m_LocalScale: {x: 0.9999999, y: 1, z: 1}
  m_Children: []
  m_Father: {fileID: 7738103606347931849}
  m_RootOrder: 3
  m_LocalEulerAnglesHint: {x: 0, y: 0, z: 0}
--- !u!137 &1494338019064245186
SkinnedMeshRenderer:
  m_ObjectHideFlags: 0
  m_CorrespondingSourceObject: {fileID: 0}
  m_PrefabInstance: {fileID: 0}
  m_PrefabAsset: {fileID: 0}
  m_GameObject: {fileID: 472629315983729865}
  m_Enabled: 1
  m_CastShadows: 1
  m_ReceiveShadows: 1
  m_DynamicOccludee: 1
  m_MotionVectors: 1
  m_LightProbeUsage: 1
  m_ReflectionProbeUsage: 1
  m_RayTracingMode: 3
  m_RayTraceProcedural: 0
  m_RenderingLayerMask: 1
  m_RendererPriority: 0
  m_Materials:
  - {fileID: 2100000, guid: e24ff704de15fb748b6811d4b64cf027, type: 2}
  m_StaticBatchInfo:
    firstSubMesh: 0
    subMeshCount: 0
  m_StaticBatchRoot: {fileID: 0}
  m_ProbeAnchor: {fileID: 0}
  m_LightProbeVolumeOverride: {fileID: 0}
  m_ScaleInLightmap: 1
  m_ReceiveGI: 1
  m_PreserveUVs: 0
  m_IgnoreNormalsForChartDetection: 0
  m_ImportantGI: 0
  m_StitchLightmapSeams: 1
  m_SelectedEditorRenderState: 3
  m_MinimumChartSize: 4
  m_AutoUVMaxDistance: 0.5
  m_AutoUVMaxAngle: 89
  m_LightmapParameters: {fileID: 0}
  m_SortingLayerID: 0
  m_SortingLayer: 0
  m_SortingOrder: 0
  serializedVersion: 2
  m_Quality: 0
  m_UpdateWhenOffscreen: 0
  m_SkinnedMotionVectors: 1
  m_Mesh: {fileID: -6141569263462404123, guid: da2bd05a890945f438a5eb58e847b037, type: 3}
  m_Bones:
  - {fileID: 887912775331276770}
  - {fileID: 60734200119642146}
  - {fileID: 3267836516922628300}
  - {fileID: 3729859693274257103}
  - {fileID: 756836611002916178}
  - {fileID: 3388376609411715377}
  - {fileID: 8731614391407315200}
  - {fileID: 3232833615810983776}
  - {fileID: 3894228926233417351}
  - {fileID: 5490414415214010519}
  - {fileID: 2729510906667754798}
  - {fileID: 2633731542317550535}
  - {fileID: 5404642058096416109}
  - {fileID: 4410716909838537801}
  - {fileID: 645354495241786951}
  - {fileID: 1714490468280131566}
  - {fileID: 7728772716993686644}
  - {fileID: 8813932460502045989}
  - {fileID: 2796345739140478199}
  - {fileID: 3586051826767877800}
  - {fileID: 2065200717531570137}
  - {fileID: 8157060859345506992}
  - {fileID: 4239166120321646420}
  - {fileID: 4291192419277786759}
  - {fileID: 2483493866039083900}
  - {fileID: 3477384652010480635}
  - {fileID: 4608035708170208255}
  - {fileID: 7205980608262808212}
  - {fileID: 2585000393140487883}
  - {fileID: 5093930223000810241}
  - {fileID: 8428275643057404922}
  - {fileID: 606102158708391541}
  - {fileID: 3380973132502100897}
  - {fileID: 5246991968109674873}
  - {fileID: 2412539369384860487}
  - {fileID: 3480250678402925770}
  - {fileID: 4813899307962658093}
  - {fileID: 4797254608109439576}
  - {fileID: 8384757803799409065}
  - {fileID: 8629511986485481023}
  - {fileID: 7304939489993156766}
  - {fileID: 1939950039635791238}
  - {fileID: 5476734428892420727}
  - {fileID: 5632182999275630816}
  - {fileID: 468129316034960663}
  - {fileID: 2033892447152697143}
  - {fileID: 2382330807306658101}
  - {fileID: 6924546448911640291}
  - {fileID: 3548324101711008175}
  - {fileID: 6798979872337152980}
  - {fileID: 5651211639685375182}
  - {fileID: 7148693638482782121}
  - {fileID: 1785751878325826676}
  - {fileID: 2130121633225310678}
  - {fileID: 7501157212476499952}
  - {fileID: 5003320984012842096}
  - {fileID: 8951919700484106637}
  - {fileID: 6346050010583870228}
  - {fileID: 6526720862707494071}
  - {fileID: 2953873749063184553}
  - {fileID: 4347328239035312993}
  - {fileID: 6420461008548329384}
  - {fileID: 1139607038868432817}
  - {fileID: 581989638565591130}
  - {fileID: 1954746126063738210}
  m_BlendShapeWeights: []
  m_RootBone: {fileID: 887912775331276770}
  m_AABB:
    m_Center: {x: 0.0012738369, y: 0.6703862, z: 0.10338956}
    m_Extent: {x: 0.04693109, y: 0.008577049, z: 0.0075815693}
  m_DirtyAABB: 0
--- !u!1 &644596479016465309
GameObject:
  m_ObjectHideFlags: 0
  m_CorrespondingSourceObject: {fileID: 0}
  m_PrefabInstance: {fileID: 0}
  m_PrefabAsset: {fileID: 0}
  serializedVersion: 6
  m_Component:
  - component: {fileID: 606102158708391541}
  m_Layer: 0
  m_Name: mixamorig7:RightShoulder
  m_TagString: Untagged
  m_Icon: {fileID: 0}
  m_NavMeshLayer: 0
  m_StaticEditorFlags: 0
  m_IsActive: 1
--- !u!4 &606102158708391541
Transform:
  m_ObjectHideFlags: 0
  m_CorrespondingSourceObject: {fileID: 0}
  m_PrefabInstance: {fileID: 0}
  m_PrefabAsset: {fileID: 0}
  m_GameObject: {fileID: 644596479016465309}
  m_LocalRotation: {x: -0.575147, y: -0.40637136, z: 0.5883898, w: -0.39732322}
  m_LocalPosition: {x: 0.0745908, y: 0.13272363, z: -0.0017114305}
  m_LocalScale: {x: 0.9999998, y: 0.9999998, z: 0.9999999}
  m_Children:
  - {fileID: 3380973132502100897}
  m_Father: {fileID: 3729859693274257103}
  m_RootOrder: 2
  m_LocalEulerAnglesHint: {x: 0, y: 0, z: 0}
--- !u!1 &656663329092394173
GameObject:
  m_ObjectHideFlags: 0
  m_CorrespondingSourceObject: {fileID: 0}
  m_PrefabInstance: {fileID: 0}
  m_PrefabAsset: {fileID: 0}
  serializedVersion: 6
  m_Component:
  - component: {fileID: 5003320984012842096}
  m_Layer: 0
  m_Name: mixamorig7:LeftUpLeg
  m_TagString: Untagged
  m_Icon: {fileID: 0}
  m_NavMeshLayer: 0
  m_StaticEditorFlags: 0
  m_IsActive: 1
--- !u!4 &5003320984012842096
Transform:
  m_ObjectHideFlags: 0
  m_CorrespondingSourceObject: {fileID: 0}
  m_PrefabInstance: {fileID: 0}
  m_PrefabAsset: {fileID: 0}
  m_GameObject: {fileID: 656663329092394173}
  m_LocalRotation: {x: 0.0018218318, y: -0.011855812, z: 0.99992305, w: 0.0031649964}
  m_LocalPosition: {x: -0.1016882, y: -0.059699114, z: 0.009298925}
  m_LocalScale: {x: 1.0000068, y: 1, z: 1.0000056}
  m_Children:
  - {fileID: 8951919700484106637}
  m_Father: {fileID: 887912775331276770}
  m_RootOrder: 0
  m_LocalEulerAnglesHint: {x: 0, y: 0, z: 0}
--- !u!1 &703622164465002748
GameObject:
  m_ObjectHideFlags: 0
  m_CorrespondingSourceObject: {fileID: 0}
  m_PrefabInstance: {fileID: 0}
  m_PrefabAsset: {fileID: 0}
  serializedVersion: 6
  m_Component:
  - component: {fileID: 3365405418256250955}
  - component: {fileID: 5434926344744033710}
  m_Layer: 0
  m_Name: Ch08_Beard
  m_TagString: Untagged
  m_Icon: {fileID: 0}
  m_NavMeshLayer: 0
  m_StaticEditorFlags: 0
  m_IsActive: 1
--- !u!4 &3365405418256250955
Transform:
  m_ObjectHideFlags: 0
  m_CorrespondingSourceObject: {fileID: 0}
  m_PrefabInstance: {fileID: 0}
  m_PrefabAsset: {fileID: 0}
  m_GameObject: {fileID: 703622164465002748}
  m_LocalRotation: {x: 0.00000008146034, y: -0.00000004371139, z: 3.5109547e-15, w: 1}
  m_LocalPosition: {x: 0.00000001385808, y: -0.0000000056624416, z: 0.0000000020069992}
  m_LocalScale: {x: 0.9999999, y: 1, z: 1}
  m_Children: []
  m_Father: {fileID: 7738103606347931849}
  m_RootOrder: 1
  m_LocalEulerAnglesHint: {x: 0, y: 0, z: 0}
--- !u!137 &5434926344744033710
SkinnedMeshRenderer:
  m_ObjectHideFlags: 0
  m_CorrespondingSourceObject: {fileID: 0}
  m_PrefabInstance: {fileID: 0}
  m_PrefabAsset: {fileID: 0}
  m_GameObject: {fileID: 703622164465002748}
  m_Enabled: 1
  m_CastShadows: 1
  m_ReceiveShadows: 1
  m_DynamicOccludee: 1
  m_MotionVectors: 1
  m_LightProbeUsage: 1
  m_ReflectionProbeUsage: 1
  m_RayTracingMode: 3
  m_RayTraceProcedural: 0
  m_RenderingLayerMask: 1
  m_RendererPriority: 0
  m_Materials:
  - {fileID: 2100000, guid: e24ff704de15fb748b6811d4b64cf027, type: 2}
  m_StaticBatchInfo:
    firstSubMesh: 0
    subMeshCount: 0
  m_StaticBatchRoot: {fileID: 0}
  m_ProbeAnchor: {fileID: 0}
  m_LightProbeVolumeOverride: {fileID: 0}
  m_ScaleInLightmap: 1
  m_ReceiveGI: 1
  m_PreserveUVs: 0
  m_IgnoreNormalsForChartDetection: 0
  m_ImportantGI: 0
  m_StitchLightmapSeams: 1
  m_SelectedEditorRenderState: 3
  m_MinimumChartSize: 4
  m_AutoUVMaxDistance: 0.5
  m_AutoUVMaxAngle: 89
  m_LightmapParameters: {fileID: 0}
  m_SortingLayerID: 0
  m_SortingLayer: 0
  m_SortingOrder: 0
  serializedVersion: 2
  m_Quality: 0
  m_UpdateWhenOffscreen: 0
  m_SkinnedMotionVectors: 1
  m_Mesh: {fileID: 4062202147338148309, guid: da2bd05a890945f438a5eb58e847b037, type: 3}
  m_Bones:
  - {fileID: 887912775331276770}
  - {fileID: 60734200119642146}
  - {fileID: 3267836516922628300}
  - {fileID: 3729859693274257103}
  - {fileID: 756836611002916178}
  - {fileID: 3388376609411715377}
  - {fileID: 8731614391407315200}
  - {fileID: 3232833615810983776}
  - {fileID: 3894228926233417351}
  - {fileID: 5490414415214010519}
  - {fileID: 2729510906667754798}
  - {fileID: 2633731542317550535}
  - {fileID: 5404642058096416109}
  - {fileID: 4410716909838537801}
  - {fileID: 645354495241786951}
  - {fileID: 1714490468280131566}
  - {fileID: 7728772716993686644}
  - {fileID: 8813932460502045989}
  - {fileID: 2796345739140478199}
  - {fileID: 3586051826767877800}
  - {fileID: 2065200717531570137}
  - {fileID: 8157060859345506992}
  - {fileID: 4239166120321646420}
  - {fileID: 4291192419277786759}
  - {fileID: 2483493866039083900}
  - {fileID: 3477384652010480635}
  - {fileID: 4608035708170208255}
  - {fileID: 7205980608262808212}
  - {fileID: 2585000393140487883}
  - {fileID: 5093930223000810241}
  - {fileID: 8428275643057404922}
  - {fileID: 606102158708391541}
  - {fileID: 3380973132502100897}
  - {fileID: 5246991968109674873}
  - {fileID: 2412539369384860487}
  - {fileID: 3480250678402925770}
  - {fileID: 4813899307962658093}
  - {fileID: 4797254608109439576}
  - {fileID: 8384757803799409065}
  - {fileID: 8629511986485481023}
  - {fileID: 7304939489993156766}
  - {fileID: 1939950039635791238}
  - {fileID: 5476734428892420727}
  - {fileID: 5632182999275630816}
  - {fileID: 468129316034960663}
  - {fileID: 2033892447152697143}
  - {fileID: 2382330807306658101}
  - {fileID: 6924546448911640291}
  - {fileID: 3548324101711008175}
  - {fileID: 6798979872337152980}
  - {fileID: 5651211639685375182}
  - {fileID: 7148693638482782121}
  - {fileID: 1785751878325826676}
  - {fileID: 2130121633225310678}
  - {fileID: 7501157212476499952}
  - {fileID: 5003320984012842096}
  - {fileID: 8951919700484106637}
  - {fileID: 6346050010583870228}
  - {fileID: 6526720862707494071}
  - {fileID: 2953873749063184553}
  - {fileID: 4347328239035312993}
  - {fileID: 6420461008548329384}
  - {fileID: 1139607038868432817}
  - {fileID: 581989638565591130}
  - {fileID: 1954746126063738210}
  m_BlendShapeWeights: []
  m_RootBone: {fileID: 887912775331276770}
  m_AABB:
    m_Center: {x: 0.00055796653, y: 0.60270345, z: 0.08261432}
    m_Extent: {x: 0.072180934, y: 0.062051058, z: 0.053890467}
  m_DirtyAABB: 0
--- !u!1 &715917614799017014
GameObject:
  m_ObjectHideFlags: 0
  m_CorrespondingSourceObject: {fileID: 0}
  m_PrefabInstance: {fileID: 0}
  m_PrefabAsset: {fileID: 0}
  serializedVersion: 6
  m_Component:
  - component: {fileID: 2382330807306658101}
  m_Layer: 0
  m_Name: mixamorig7:RightHandMiddle4
  m_TagString: Untagged
  m_Icon: {fileID: 0}
  m_NavMeshLayer: 0
  m_StaticEditorFlags: 0
  m_IsActive: 1
--- !u!4 &2382330807306658101
Transform:
  m_ObjectHideFlags: 0
  m_CorrespondingSourceObject: {fileID: 0}
  m_PrefabInstance: {fileID: 0}
  m_PrefabAsset: {fileID: 0}
  m_GameObject: {fileID: 715917614799017014}
  m_LocalRotation: {x: 0.000000010078267, y: -0.00000005312591, z: 0.00000000186094,
    w: 1}
  m_LocalPosition: {x: -0.0001426211, y: 0.027829556, z: -0.00000008048773}
  m_LocalScale: {x: 0.9999999, y: 1, z: 0.9999999}
  m_Children: []
  m_Father: {fileID: 2033892447152697143}
  m_RootOrder: 0
  m_LocalEulerAnglesHint: {x: 0, y: 0, z: 0}
--- !u!1 &781814439907042593
GameObject:
  m_ObjectHideFlags: 0
  m_CorrespondingSourceObject: {fileID: 0}
  m_PrefabInstance: {fileID: 0}
  m_PrefabAsset: {fileID: 0}
  serializedVersion: 6
  m_Component:
  - component: {fileID: 6526720862707494071}
  m_Layer: 0
  m_Name: mixamorig7:LeftToeBase
  m_TagString: Untagged
  m_Icon: {fileID: 0}
  m_NavMeshLayer: 0
  m_StaticEditorFlags: 0
  m_IsActive: 1
--- !u!4 &6526720862707494071
Transform:
  m_ObjectHideFlags: 0
  m_CorrespondingSourceObject: {fileID: 0}
  m_PrefabInstance: {fileID: 0}
  m_PrefabAsset: {fileID: 0}
  m_GameObject: {fileID: 781814439907042593}
  m_LocalRotation: {x: 0.31526747, y: 0.02741158, z: -0.00911044, w: 0.94856316}
  m_LocalPosition: {x: -0.000000026486813, y: 0.2001477, z: 0.000000008552161}
  m_LocalScale: {x: 1.0000001, y: 1, z: 1}
  m_Children:
  - {fileID: 2953873749063184553}
  m_Father: {fileID: 6346050010583870228}
  m_RootOrder: 0
  m_LocalEulerAnglesHint: {x: 0, y: 0, z: 0}
--- !u!1 &836874804851824481
GameObject:
  m_ObjectHideFlags: 0
  m_CorrespondingSourceObject: {fileID: 0}
  m_PrefabInstance: {fileID: 0}
  m_PrefabAsset: {fileID: 0}
  serializedVersion: 6
  m_Component:
  - component: {fileID: 1139607038868432817}
  m_Layer: 0
  m_Name: mixamorig7:RightFoot
  m_TagString: Untagged
  m_Icon: {fileID: 0}
  m_NavMeshLayer: 0
  m_StaticEditorFlags: 0
  m_IsActive: 1
--- !u!4 &1139607038868432817
Transform:
  m_ObjectHideFlags: 0
  m_CorrespondingSourceObject: {fileID: 0}
  m_PrefabInstance: {fileID: 0}
  m_PrefabAsset: {fileID: 0}
  m_GameObject: {fileID: 836874804851824481}
  m_LocalRotation: {x: 0.47211578, y: -0.023083128, z: 0.046826623, w: 0.8799893}
  m_LocalPosition: {x: -0.000000009625219, y: 0.3814371, z: -8.9406965e-10}
  m_LocalScale: {x: 0.99999994, y: 1, z: 1}
  m_Children:
  - {fileID: 581989638565591130}
  m_Father: {fileID: 6420461008548329384}
  m_RootOrder: 0
  m_LocalEulerAnglesHint: {x: 0, y: 0, z: 0}
--- !u!1 &958241130159618589
GameObject:
  m_ObjectHideFlags: 0
  m_CorrespondingSourceObject: {fileID: 0}
  m_PrefabInstance: {fileID: 0}
  m_PrefabAsset: {fileID: 0}
  serializedVersion: 6
  m_Component:
  - component: {fileID: 1716875765886382167}
  m_Layer: 0
  m_Name: Armature
  m_TagString: Untagged
  m_Icon: {fileID: 0}
  m_NavMeshLayer: 0
  m_StaticEditorFlags: 0
  m_IsActive: 1
--- !u!4 &1716875765886382167
Transform:
  m_ObjectHideFlags: 0
  m_CorrespondingSourceObject: {fileID: 0}
  m_PrefabInstance: {fileID: 0}
  m_PrefabAsset: {fileID: 0}
  m_GameObject: {fileID: 958241130159618589}
  m_LocalRotation: {x: 0.000000081460335, y: 6.123234e-17, z: 6.1232336e-17, w: 1}
  m_LocalPosition: {x: -0, y: 0, z: 0}
  m_LocalScale: {x: 1, y: 1, z: 1}
  m_Children:
  - {fileID: 887912775331276770}
  m_Father: {fileID: 7738103606347931849}
  m_RootOrder: 0
  m_LocalEulerAnglesHint: {x: 0, y: 0, z: 0}
--- !u!1 &974306695451279652
GameObject:
  m_ObjectHideFlags: 0
  m_CorrespondingSourceObject: {fileID: 0}
  m_PrefabInstance: {fileID: 0}
  m_PrefabAsset: {fileID: 0}
  serializedVersion: 6
  m_Component:
  - component: {fileID: 4347328239035312993}
  m_Layer: 0
  m_Name: mixamorig7:RightUpLeg
  m_TagString: Untagged
  m_Icon: {fileID: 0}
  m_NavMeshLayer: 0
  m_StaticEditorFlags: 0
  m_IsActive: 1
--- !u!4 &4347328239035312993
Transform:
  m_ObjectHideFlags: 0
  m_CorrespondingSourceObject: {fileID: 0}
  m_PrefabInstance: {fileID: 0}
  m_PrefabAsset: {fileID: 0}
  m_GameObject: {fileID: 974306695451279652}
  m_LocalRotation: {x: -0.0015566001, y: -0.008978788, z: 0.9999535, w: -0.003166471}
  m_LocalPosition: {x: 0.1016882, y: -0.059699077, z: 0.008769908}
  m_LocalScale: {x: 1.0000275, y: 1.0000002, z: 1.0000166}
  m_Children:
  - {fileID: 6420461008548329384}
  m_Father: {fileID: 887912775331276770}
  m_RootOrder: 1
  m_LocalEulerAnglesHint: {x: 0, y: 0, z: 0}
--- !u!1 &1071152823828524708
GameObject:
  m_ObjectHideFlags: 0
  m_CorrespondingSourceObject: {fileID: 0}
  m_PrefabInstance: {fileID: 0}
  m_PrefabAsset: {fileID: 0}
  serializedVersion: 6
  m_Component:
  - component: {fileID: 3894228926233417351}
  m_Layer: 0
  m_Name: mixamorig7:LeftArm
  m_TagString: Untagged
  m_Icon: {fileID: 0}
  m_NavMeshLayer: 0
  m_StaticEditorFlags: 0
  m_IsActive: 1
--- !u!4 &3894228926233417351
Transform:
  m_ObjectHideFlags: 0
  m_CorrespondingSourceObject: {fileID: 0}
  m_PrefabInstance: {fileID: 0}
  m_PrefabAsset: {fileID: 0}
  m_GameObject: {fileID: 1071152823828524708}
  m_LocalRotation: {x: -0.17998272, y: -0.0068819234, z: -0.010143691, w: 0.9835934}
  m_LocalPosition: {x: 0.0000000011920929, y: 0.1593481, z: -0.00000025480986}
  m_LocalScale: {x: 1, y: 0.99999994, z: 1}
  m_Children:
  - {fileID: 5490414415214010519}
  m_Father: {fileID: 3232833615810983776}
  m_RootOrder: 0
  m_LocalEulerAnglesHint: {x: 0, y: 0, z: 0}
--- !u!1 &1390391480366448349
GameObject:
  m_ObjectHideFlags: 0
  m_CorrespondingSourceObject: {fileID: 0}
  m_PrefabInstance: {fileID: 0}
  m_PrefabAsset: {fileID: 0}
  serializedVersion: 6
  m_Component:
  - component: {fileID: 3267836516922628300}
  m_Layer: 0
  m_Name: mixamorig7:Spine1
  m_TagString: Untagged
  m_Icon: {fileID: 0}
  m_NavMeshLayer: 0
  m_StaticEditorFlags: 0
  m_IsActive: 1
--- !u!4 &3267836516922628300
Transform:
  m_ObjectHideFlags: 0
  m_CorrespondingSourceObject: {fileID: 0}
  m_PrefabInstance: {fileID: 0}
  m_PrefabAsset: {fileID: 0}
  m_GameObject: {fileID: 1390391480366448349}
  m_LocalRotation: {x: 0.000000013038517, y: -8.305541e-14, z: 6.783866e-13, w: 1}
  m_LocalPosition: {x: -5.3392193e-14, y: 0.12548858, z: 0.0000000047683715}
  m_LocalScale: {x: 1, y: 0.99999994, z: 1}
  m_Children:
  - {fileID: 3729859693274257103}
  m_Father: {fileID: 60734200119642146}
  m_RootOrder: 0
  m_LocalEulerAnglesHint: {x: 0, y: 0, z: 0}
--- !u!1 &1436000273173016884
GameObject:
  m_ObjectHideFlags: 0
  m_CorrespondingSourceObject: {fileID: 0}
  m_PrefabInstance: {fileID: 0}
  m_PrefabAsset: {fileID: 0}
  serializedVersion: 6
  m_Component:
  - component: {fileID: 7728772716993686644}
  m_Layer: 0
  m_Name: mixamorig7:LeftHandIndex2
  m_TagString: Untagged
  m_Icon: {fileID: 0}
  m_NavMeshLayer: 0
  m_StaticEditorFlags: 0
  m_IsActive: 1
--- !u!4 &7728772716993686644
Transform:
  m_ObjectHideFlags: 0
  m_CorrespondingSourceObject: {fileID: 0}
  m_PrefabInstance: {fileID: 0}
  m_PrefabAsset: {fileID: 0}
  m_GameObject: {fileID: 1436000273173016884}
  m_LocalRotation: {x: 0.00000062537254, y: -0.000056432145, z: 0.006331813, w: 0.99998}
  m_LocalPosition: {x: -0.00023264288, y: 0.033103254, z: 0.00000007170398}
  m_LocalScale: {x: 1, y: 0.99999994, z: 1}
  m_Children:
  - {fileID: 8813932460502045989}
  m_Father: {fileID: 1714490468280131566}
  m_RootOrder: 0
  m_LocalEulerAnglesHint: {x: 0, y: 0, z: 0}
--- !u!1 &1473839806739686669
GameObject:
  m_ObjectHideFlags: 0
  m_CorrespondingSourceObject: {fileID: 0}
  m_PrefabInstance: {fileID: 0}
  m_PrefabAsset: {fileID: 0}
  serializedVersion: 6
  m_Component:
  - component: {fileID: 60734200119642146}
  m_Layer: 0
  m_Name: mixamorig7:Spine
  m_TagString: Untagged
  m_Icon: {fileID: 0}
  m_NavMeshLayer: 0
  m_StaticEditorFlags: 0
  m_IsActive: 1
--- !u!4 &60734200119642146
Transform:
  m_ObjectHideFlags: 0
  m_CorrespondingSourceObject: {fileID: 0}
  m_PrefabInstance: {fileID: 0}
  m_PrefabAsset: {fileID: 0}
  m_GameObject: {fileID: 1473839806739686669}
  m_LocalRotation: {x: -0.02969809, y: 0.00000019179157, z: -0.0000032673877, w: 0.9995589}
  m_LocalPosition: {x: -1.679723e-13, y: 0.1073719, z: -0.006385931}
  m_LocalScale: {x: 1, y: 1, z: 1}
  m_Children:
  - {fileID: 3267836516922628300}
  m_Father: {fileID: 887912775331276770}
  m_RootOrder: 2
  m_LocalEulerAnglesHint: {x: 0, y: 0, z: 0}
--- !u!1 &1483871679593648875
GameObject:
  m_ObjectHideFlags: 0
  m_CorrespondingSourceObject: {fileID: 0}
  m_PrefabInstance: {fileID: 0}
  m_PrefabAsset: {fileID: 0}
  serializedVersion: 6
  m_Component:
  - component: {fileID: 3821162263790748225}
  - component: {fileID: 5354344396611277110}
  m_Layer: 0
  m_Name: Ch08_Pants
  m_TagString: Untagged
  m_Icon: {fileID: 0}
  m_NavMeshLayer: 0
  m_StaticEditorFlags: 0
  m_IsActive: 1
--- !u!4 &3821162263790748225
Transform:
  m_ObjectHideFlags: 0
  m_CorrespondingSourceObject: {fileID: 0}
  m_PrefabInstance: {fileID: 0}
  m_PrefabAsset: {fileID: 0}
  m_GameObject: {fileID: 1483871679593648875}
  m_LocalRotation: {x: 0.00000008146034, y: -0.00000004371139, z: 3.566466e-15, w: 1}
  m_LocalPosition: {x: -0.000000010589138, y: 1.4901091e-10, z: 0.0000000042747703}
  m_LocalScale: {x: 1, y: 1, z: 1}
  m_Children: []
  m_Father: {fileID: 7738103606347931849}
  m_RootOrder: 6
  m_LocalEulerAnglesHint: {x: 0, y: 0, z: 0}
--- !u!137 &5354344396611277110
SkinnedMeshRenderer:
  m_ObjectHideFlags: 0
  m_CorrespondingSourceObject: {fileID: 0}
  m_PrefabInstance: {fileID: 0}
  m_PrefabAsset: {fileID: 0}
  m_GameObject: {fileID: 1483871679593648875}
  m_Enabled: 1
  m_CastShadows: 1
  m_ReceiveShadows: 1
  m_DynamicOccludee: 1
  m_MotionVectors: 1
  m_LightProbeUsage: 1
  m_ReflectionProbeUsage: 1
  m_RayTracingMode: 3
  m_RayTraceProcedural: 0
  m_RenderingLayerMask: 1
  m_RendererPriority: 0
  m_Materials:
  - {fileID: 2100000, guid: 60f2f037a54ea7743a59fa2fb8e8c8c4, type: 2}
  m_StaticBatchInfo:
    firstSubMesh: 0
    subMeshCount: 0
  m_StaticBatchRoot: {fileID: 0}
  m_ProbeAnchor: {fileID: 0}
  m_LightProbeVolumeOverride: {fileID: 0}
  m_ScaleInLightmap: 1
  m_ReceiveGI: 1
  m_PreserveUVs: 0
  m_IgnoreNormalsForChartDetection: 0
  m_ImportantGI: 0
  m_StitchLightmapSeams: 1
  m_SelectedEditorRenderState: 3
  m_MinimumChartSize: 4
  m_AutoUVMaxDistance: 0.5
  m_AutoUVMaxAngle: 89
  m_LightmapParameters: {fileID: 0}
  m_SortingLayerID: 0
  m_SortingLayer: 0
  m_SortingOrder: 0
  serializedVersion: 2
  m_Quality: 0
  m_UpdateWhenOffscreen: 0
  m_SkinnedMotionVectors: 1
  m_Mesh: {fileID: 4024728020169076761, guid: da2bd05a890945f438a5eb58e847b037, type: 3}
  m_Bones:
  - {fileID: 887912775331276770}
  - {fileID: 60734200119642146}
  - {fileID: 3267836516922628300}
  - {fileID: 3729859693274257103}
  - {fileID: 756836611002916178}
  - {fileID: 3388376609411715377}
  - {fileID: 8731614391407315200}
  - {fileID: 3232833615810983776}
  - {fileID: 3894228926233417351}
  - {fileID: 5490414415214010519}
  - {fileID: 2729510906667754798}
  - {fileID: 2633731542317550535}
  - {fileID: 5404642058096416109}
  - {fileID: 4410716909838537801}
  - {fileID: 645354495241786951}
  - {fileID: 1714490468280131566}
  - {fileID: 7728772716993686644}
  - {fileID: 8813932460502045989}
  - {fileID: 2796345739140478199}
  - {fileID: 3586051826767877800}
  - {fileID: 2065200717531570137}
  - {fileID: 8157060859345506992}
  - {fileID: 4239166120321646420}
  - {fileID: 4291192419277786759}
  - {fileID: 2483493866039083900}
  - {fileID: 3477384652010480635}
  - {fileID: 4608035708170208255}
  - {fileID: 7205980608262808212}
  - {fileID: 2585000393140487883}
  - {fileID: 5093930223000810241}
  - {fileID: 8428275643057404922}
  - {fileID: 606102158708391541}
  - {fileID: 3380973132502100897}
  - {fileID: 5246991968109674873}
  - {fileID: 2412539369384860487}
  - {fileID: 3480250678402925770}
  - {fileID: 4813899307962658093}
  - {fileID: 4797254608109439576}
  - {fileID: 8384757803799409065}
  - {fileID: 8629511986485481023}
  - {fileID: 7304939489993156766}
  - {fileID: 1939950039635791238}
  - {fileID: 5476734428892420727}
  - {fileID: 5632182999275630816}
  - {fileID: 468129316034960663}
  - {fileID: 2033892447152697143}
  - {fileID: 2382330807306658101}
  - {fileID: 6924546448911640291}
  - {fileID: 3548324101711008175}
  - {fileID: 6798979872337152980}
  - {fileID: 5651211639685375182}
  - {fileID: 7148693638482782121}
  - {fileID: 1785751878325826676}
  - {fileID: 2130121633225310678}
  - {fileID: 7501157212476499952}
  - {fileID: 5003320984012842096}
  - {fileID: 8951919700484106637}
  - {fileID: 6346050010583870228}
  - {fileID: 6526720862707494071}
  - {fileID: 2953873749063184553}
  - {fileID: 4347328239035312993}
  - {fileID: 6420461008548329384}
  - {fileID: 1139607038868432817}
  - {fileID: 581989638565591130}
  - {fileID: 1954746126063738210}
  m_BlendShapeWeights: []
  m_RootBone: {fileID: 887912775331276770}
  m_AABB:
    m_Center: {x: 0.0013099015, y: -0.4075879, z: -0.0045419782}
    m_Extent: {x: 0.20651466, y: 0.4707955, z: 0.18232141}
  m_DirtyAABB: 0
--- !u!1 &1517443545466607098
GameObject:
  m_ObjectHideFlags: 0
  m_CorrespondingSourceObject: {fileID: 0}
  m_PrefabInstance: {fileID: 0}
  m_PrefabAsset: {fileID: 0}
  serializedVersion: 6
  m_Component:
  - component: {fileID: 6346050010583870228}
  m_Layer: 0
  m_Name: mixamorig7:LeftFoot
  m_TagString: Untagged
  m_Icon: {fileID: 0}
  m_NavMeshLayer: 0
  m_StaticEditorFlags: 0
  m_IsActive: 1
--- !u!4 &6346050010583870228
Transform:
  m_ObjectHideFlags: 0
  m_CorrespondingSourceObject: {fileID: 0}
  m_PrefabInstance: {fileID: 0}
  m_PrefabAsset: {fileID: 0}
  m_GameObject: {fileID: 1517443545466607098}
  m_LocalRotation: {x: 0.4733912, y: 0.022872934, z: -0.046568267, w: 0.87932307}
  m_LocalPosition: {x: -0.000000009732321, y: 0.38119236, z: 0.0000000012665987}
  m_LocalScale: {x: 1, y: 0.99999976, z: 1}
  m_Children:
  - {fileID: 6526720862707494071}
  m_Father: {fileID: 8951919700484106637}
  m_RootOrder: 0
  m_LocalEulerAnglesHint: {x: 0, y: 0, z: 0}
--- !u!1 &1568448708783683744
GameObject:
  m_ObjectHideFlags: 0
  m_CorrespondingSourceObject: {fileID: 0}
  m_PrefabInstance: {fileID: 0}
  m_PrefabAsset: {fileID: 0}
  serializedVersion: 6
  m_Component:
  - component: {fileID: 7205980608262808212}
  m_Layer: 0
  m_Name: mixamorig7:LeftHandPinky1
  m_TagString: Untagged
  m_Icon: {fileID: 0}
  m_NavMeshLayer: 0
  m_StaticEditorFlags: 0
  m_IsActive: 1
--- !u!4 &7205980608262808212
Transform:
  m_ObjectHideFlags: 0
  m_CorrespondingSourceObject: {fileID: 0}
  m_PrefabInstance: {fileID: 0}
  m_PrefabAsset: {fileID: 0}
  m_GameObject: {fileID: 1568448708783683744}
  m_LocalRotation: {x: 0.00087078346, y: 0.0045078774, z: -0.049652733, w: 0.998756}
  m_LocalPosition: {x: -0.033763673, y: 0.09024864, z: 0.00023267328}
  m_LocalScale: {x: 1, y: 0.9999999, z: 0.99999994}
  m_Children:
  - {fileID: 2585000393140487883}
  m_Father: {fileID: 2729510906667754798}
  m_RootOrder: 2
  m_LocalEulerAnglesHint: {x: 0, y: 0, z: 0}
--- !u!1 &1668833490934698573
GameObject:
  m_ObjectHideFlags: 0
  m_CorrespondingSourceObject: {fileID: 0}
  m_PrefabInstance: {fileID: 0}
  m_PrefabAsset: {fileID: 0}
  serializedVersion: 6
  m_Component:
  - component: {fileID: 5093930223000810241}
  m_Layer: 0
  m_Name: mixamorig7:LeftHandPinky3
  m_TagString: Untagged
  m_Icon: {fileID: 0}
  m_NavMeshLayer: 0
  m_StaticEditorFlags: 0
  m_IsActive: 1
--- !u!4 &5093930223000810241
Transform:
  m_ObjectHideFlags: 0
  m_CorrespondingSourceObject: {fileID: 0}
  m_PrefabInstance: {fileID: 0}
  m_PrefabAsset: {fileID: 0}
  m_GameObject: {fileID: 1668833490934698573}
  m_LocalRotation: {x: -0.000002557112, y: -0.000092547714, z: -0.0016012744, w: 0.99999875}
  m_LocalPosition: {x: 0.00010887563, y: 0.023038778, z: 0.00000006576185}
  m_LocalScale: {x: 0.9999999, y: 0.99999994, z: 0.9999998}
  m_Children:
  - {fileID: 8428275643057404922}
  m_Father: {fileID: 2585000393140487883}
  m_RootOrder: 0
  m_LocalEulerAnglesHint: {x: 0, y: 0, z: 0}
--- !u!1 &1833887181893074284
GameObject:
  m_ObjectHideFlags: 0
  m_CorrespondingSourceObject: {fileID: 0}
  m_PrefabInstance: {fileID: 0}
  m_PrefabAsset: {fileID: 0}
  serializedVersion: 6
  m_Component:
  - component: {fileID: 2483493866039083900}
  m_Layer: 0
  m_Name: mixamorig7:LeftHandRing2
  m_TagString: Untagged
  m_Icon: {fileID: 0}
  m_NavMeshLayer: 0
  m_StaticEditorFlags: 0
  m_IsActive: 1
--- !u!4 &2483493866039083900
Transform:
  m_ObjectHideFlags: 0
  m_CorrespondingSourceObject: {fileID: 0}
  m_PrefabInstance: {fileID: 0}
  m_PrefabAsset: {fileID: 0}
  m_GameObject: {fileID: 1833887181893074284}
  m_LocalRotation: {x: -0.00000037591548, y: -0.0000016826586, z: -0.000051358264,
    w: 1}
  m_LocalPosition: {x: 0.00006334111, y: 0.029665457, z: -0.000000015674159}
  m_LocalScale: {x: 1, y: 0.99999994, z: 0.9999999}
  m_Children:
  - {fileID: 3477384652010480635}
  m_Father: {fileID: 4291192419277786759}
  m_RootOrder: 0
  m_LocalEulerAnglesHint: {x: 0, y: 0, z: 0}
--- !u!1 &1969759928637930764
GameObject:
  m_ObjectHideFlags: 0
  m_CorrespondingSourceObject: {fileID: 0}
  m_PrefabInstance: {fileID: 0}
  m_PrefabAsset: {fileID: 0}
  serializedVersion: 6
  m_Component:
  - component: {fileID: 3388376609411715377}
  m_Layer: 0
  m_Name: mixamorig7:Head
  m_TagString: Untagged
  m_Icon: {fileID: 0}
  m_NavMeshLayer: 0
  m_StaticEditorFlags: 0
  m_IsActive: 1
--- !u!4 &3388376609411715377
Transform:
  m_ObjectHideFlags: 0
  m_CorrespondingSourceObject: {fileID: 0}
  m_PrefabInstance: {fileID: 0}
  m_PrefabAsset: {fileID: 0}
  m_GameObject: {fileID: 1969759928637930764}
  m_LocalRotation: {x: -0.0000000026059683, y: -1.1932127e-21, z: -1.0374162e-20,
    w: 1}
  m_LocalPosition: {x: -6.030801e-15, y: 0.041868284, z: 0.01019993}
  m_LocalScale: {x: 1, y: 1, z: 1}
  m_Children:
  - {fileID: 8731614391407315200}
  m_Father: {fileID: 756836611002916178}
  m_RootOrder: 0
  m_LocalEulerAnglesHint: {x: 0, y: 0, z: 0}
--- !u!1 &2282801790154567125
GameObject:
  m_ObjectHideFlags: 0
  m_CorrespondingSourceObject: {fileID: 0}
  m_PrefabInstance: {fileID: 0}
  m_PrefabAsset: {fileID: 0}
  serializedVersion: 6
  m_Component:
  - component: {fileID: 8629511986485481023}
  m_Layer: 0
  m_Name: mixamorig7:RightHandIndex1
  m_TagString: Untagged
  m_Icon: {fileID: 0}
  m_NavMeshLayer: 0
  m_StaticEditorFlags: 0
  m_IsActive: 1
--- !u!4 &8629511986485481023
Transform:
  m_ObjectHideFlags: 0
  m_CorrespondingSourceObject: {fileID: 0}
  m_PrefabInstance: {fileID: 0}
  m_PrefabAsset: {fileID: 0}
  m_GameObject: {fileID: 2282801790154567125}
  m_LocalRotation: {x: -0.012391764, y: -0.00059222773, z: 0.051645458, w: 0.99858844}
  m_LocalPosition: {x: -0.035176672, y: 0.09819578, z: 0.0018258183}
  m_LocalScale: {x: 0.9999999, y: 1, z: 1.0000001}
  m_Children:
  - {fileID: 7304939489993156766}
  m_Father: {fileID: 2412539369384860487}
  m_RootOrder: 0
  m_LocalEulerAnglesHint: {x: 0, y: 0, z: 0}
--- !u!1 &2673835953469442645
GameObject:
  m_ObjectHideFlags: 0
  m_CorrespondingSourceObject: {fileID: 0}
  m_PrefabInstance: {fileID: 0}
  m_PrefabAsset: {fileID: 0}
  serializedVersion: 6
  m_Component:
  - component: {fileID: 581989638565591130}
  m_Layer: 0
  m_Name: mixamorig7:RightToeBase
  m_TagString: Untagged
  m_Icon: {fileID: 0}
  m_NavMeshLayer: 0
  m_StaticEditorFlags: 0
  m_IsActive: 1
--- !u!4 &581989638565591130
Transform:
  m_ObjectHideFlags: 0
  m_CorrespondingSourceObject: {fileID: 0}
  m_PrefabInstance: {fileID: 0}
  m_PrefabAsset: {fileID: 0}
  m_GameObject: {fileID: 2673835953469442645}
  m_LocalRotation: {x: 0.3189429, y: -0.02709878, z: 0.009123015, w: 0.9473425}
  m_LocalPosition: {x: -0.00000000488013, y: 0.19804756, z: -0.000000018128194}
  m_LocalScale: {x: 1, y: 0.9999998, z: 0.99999994}
  m_Children:
  - {fileID: 1954746126063738210}
  m_Father: {fileID: 1139607038868432817}
  m_RootOrder: 0
  m_LocalEulerAnglesHint: {x: 0, y: 0, z: 0}
--- !u!1 &2805494139801755080
GameObject:
  m_ObjectHideFlags: 0
  m_CorrespondingSourceObject: {fileID: 0}
  m_PrefabInstance: {fileID: 0}
  m_PrefabAsset: {fileID: 0}
  serializedVersion: 6
  m_Component:
  - component: {fileID: 682767230096199494}
  - component: {fileID: 1216654944349250693}
  m_Layer: 0
  m_Name: Ch08_Body
  m_TagString: Untagged
  m_Icon: {fileID: 0}
  m_NavMeshLayer: 0
  m_StaticEditorFlags: 0
  m_IsActive: 1
--- !u!4 &682767230096199494
Transform:
  m_ObjectHideFlags: 0
  m_CorrespondingSourceObject: {fileID: 0}
  m_PrefabInstance: {fileID: 0}
  m_PrefabAsset: {fileID: 0}
  m_GameObject: {fileID: 2805494139801755080}
  m_LocalRotation: {x: 0.00000008146034, y: -0.00000004371139, z: 3.566466e-15, w: 1}
  m_LocalPosition: {x: -0.000000010589138, y: 1.4901091e-10, z: 0.0000000042747703}
  m_LocalScale: {x: 1, y: 1, z: 1}
  m_Children: []
  m_Father: {fileID: 7738103606347931849}
  m_RootOrder: 2
  m_LocalEulerAnglesHint: {x: 0, y: 0, z: 0}
--- !u!137 &1216654944349250693
SkinnedMeshRenderer:
  m_ObjectHideFlags: 0
  m_CorrespondingSourceObject: {fileID: 0}
  m_PrefabInstance: {fileID: 0}
  m_PrefabAsset: {fileID: 0}
  m_GameObject: {fileID: 2805494139801755080}
  m_Enabled: 1
  m_CastShadows: 1
  m_ReceiveShadows: 1
  m_DynamicOccludee: 1
  m_MotionVectors: 1
  m_LightProbeUsage: 1
  m_ReflectionProbeUsage: 1
  m_RayTracingMode: 3
  m_RayTraceProcedural: 0
  m_RenderingLayerMask: 1
  m_RendererPriority: 0
  m_Materials:
  - {fileID: 2100000, guid: a436a529f2e9f434e8479f4424159b33, type: 2}
  m_StaticBatchInfo:
    firstSubMesh: 0
    subMeshCount: 0
  m_StaticBatchRoot: {fileID: 0}
  m_ProbeAnchor: {fileID: 0}
  m_LightProbeVolumeOverride: {fileID: 0}
  m_ScaleInLightmap: 1
  m_ReceiveGI: 1
  m_PreserveUVs: 0
  m_IgnoreNormalsForChartDetection: 0
  m_ImportantGI: 0
  m_StitchLightmapSeams: 1
  m_SelectedEditorRenderState: 3
  m_MinimumChartSize: 4
  m_AutoUVMaxDistance: 0.5
  m_AutoUVMaxAngle: 89
  m_LightmapParameters: {fileID: 0}
  m_SortingLayerID: 0
  m_SortingLayer: 0
  m_SortingOrder: 0
  serializedVersion: 2
  m_Quality: 0
  m_UpdateWhenOffscreen: 0
  m_SkinnedMotionVectors: 1
  m_Mesh: {fileID: -1542063608332777060, guid: da2bd05a890945f438a5eb58e847b037, type: 3}
  m_Bones:
  - {fileID: 887912775331276770}
  - {fileID: 60734200119642146}
  - {fileID: 3267836516922628300}
  - {fileID: 3729859693274257103}
  - {fileID: 756836611002916178}
  - {fileID: 3388376609411715377}
  - {fileID: 8731614391407315200}
  - {fileID: 3232833615810983776}
  - {fileID: 3894228926233417351}
  - {fileID: 5490414415214010519}
  - {fileID: 2729510906667754798}
  - {fileID: 2633731542317550535}
  - {fileID: 5404642058096416109}
  - {fileID: 4410716909838537801}
  - {fileID: 645354495241786951}
  - {fileID: 1714490468280131566}
  - {fileID: 7728772716993686644}
  - {fileID: 8813932460502045989}
  - {fileID: 2796345739140478199}
  - {fileID: 3586051826767877800}
  - {fileID: 2065200717531570137}
  - {fileID: 8157060859345506992}
  - {fileID: 4239166120321646420}
  - {fileID: 4291192419277786759}
  - {fileID: 2483493866039083900}
  - {fileID: 3477384652010480635}
  - {fileID: 4608035708170208255}
  - {fileID: 7205980608262808212}
  - {fileID: 2585000393140487883}
  - {fileID: 5093930223000810241}
  - {fileID: 8428275643057404922}
  - {fileID: 606102158708391541}
  - {fileID: 3380973132502100897}
  - {fileID: 5246991968109674873}
  - {fileID: 2412539369384860487}
  - {fileID: 3480250678402925770}
  - {fileID: 4813899307962658093}
  - {fileID: 4797254608109439576}
  - {fileID: 8384757803799409065}
  - {fileID: 8629511986485481023}
  - {fileID: 7304939489993156766}
  - {fileID: 1939950039635791238}
  - {fileID: 5476734428892420727}
  - {fileID: 5632182999275630816}
  - {fileID: 468129316034960663}
  - {fileID: 2033892447152697143}
  - {fileID: 2382330807306658101}
  - {fileID: 6924546448911640291}
  - {fileID: 3548324101711008175}
  - {fileID: 6798979872337152980}
  - {fileID: 5651211639685375182}
  - {fileID: 7148693638482782121}
  - {fileID: 1785751878325826676}
  - {fileID: 2130121633225310678}
  - {fileID: 7501157212476499952}
  - {fileID: 5003320984012842096}
  - {fileID: 8951919700484106637}
  - {fileID: 6346050010583870228}
  - {fileID: 6526720862707494071}
  - {fileID: 2953873749063184553}
  - {fileID: 4347328239035312993}
  - {fileID: 6420461008548329384}
  - {fileID: 1139607038868432817}
  - {fileID: 581989638565591130}
  - {fileID: 1954746126063738210}
  m_BlendShapeWeights: []
  m_RootBone: {fileID: 887912775331276770}
  m_AABB:
    m_Center: {x: -0.000032007694, y: -0.116078496, z: 0.010582142}
    m_Extent: {x: 0.89557266, y: 0.8978876, z: 0.13697419}
  m_DirtyAABB: 0
--- !u!1 &2819668594855211681
GameObject:
  m_ObjectHideFlags: 0
  m_CorrespondingSourceObject: {fileID: 0}
  m_PrefabInstance: {fileID: 0}
  m_PrefabAsset: {fileID: 0}
  serializedVersion: 6
  m_Component:
  - component: {fileID: 1714490468280131566}
  m_Layer: 0
  m_Name: mixamorig7:LeftHandIndex1
  m_TagString: Untagged
  m_Icon: {fileID: 0}
  m_NavMeshLayer: 0
  m_StaticEditorFlags: 0
  m_IsActive: 1
--- !u!4 &1714490468280131566
Transform:
  m_ObjectHideFlags: 0
  m_CorrespondingSourceObject: {fileID: 0}
  m_PrefabInstance: {fileID: 0}
  m_PrefabAsset: {fileID: 0}
  m_GameObject: {fileID: 2819668594855211681}
  m_LocalRotation: {x: 0.00066708797, y: -0.000030202418, z: -0.050544363, w: 0.99872166}
  m_LocalPosition: {x: 0.036185034, y: 0.099379174, z: 0.0011199666}
  m_LocalScale: {x: 0.99999994, y: 1, z: 1}
  m_Children:
  - {fileID: 7728772716993686644}
  m_Father: {fileID: 2729510906667754798}
  m_RootOrder: 0
  m_LocalEulerAnglesHint: {x: 0, y: 0, z: 0}
--- !u!1 &2844040358434713238
GameObject:
  m_ObjectHideFlags: 0
  m_CorrespondingSourceObject: {fileID: 0}
  m_PrefabInstance: {fileID: 0}
  m_PrefabAsset: {fileID: 0}
  serializedVersion: 6
  m_Component:
  - component: {fileID: 2585000393140487883}
  m_Layer: 0
  m_Name: mixamorig7:LeftHandPinky2
  m_TagString: Untagged
  m_Icon: {fileID: 0}
  m_NavMeshLayer: 0
  m_StaticEditorFlags: 0
  m_IsActive: 1
--- !u!4 &2585000393140487883
Transform:
  m_ObjectHideFlags: 0
  m_CorrespondingSourceObject: {fileID: 0}
  m_PrefabInstance: {fileID: 0}
  m_PrefabAsset: {fileID: 0}
  m_GameObject: {fileID: 2844040358434713238}
  m_LocalRotation: {x: 0.000000032235178, y: -0.000021074791, z: 0.0049949456, w: 0.99998754}
  m_LocalPosition: {x: -0.0001393032, y: 0.026430573, z: -0.000000026563647}
  m_LocalScale: {x: 1, y: 1.0000001, z: 0.99999994}
  m_Children:
  - {fileID: 5093930223000810241}
  m_Father: {fileID: 7205980608262808212}
  m_RootOrder: 0
  m_LocalEulerAnglesHint: {x: 0, y: 0, z: 0}
--- !u!1 &2934399941756521284
GameObject:
  m_ObjectHideFlags: 0
  m_CorrespondingSourceObject: {fileID: 0}
  m_PrefabInstance: {fileID: 0}
  m_PrefabAsset: {fileID: 0}
  serializedVersion: 6
  m_Component:
  - component: {fileID: 5476734428892420727}
  m_Layer: 0
  m_Name: mixamorig7:RightHandIndex4
  m_TagString: Untagged
  m_Icon: {fileID: 0}
  m_NavMeshLayer: 0
  m_StaticEditorFlags: 0
  m_IsActive: 1
--- !u!4 &5476734428892420727
Transform:
  m_ObjectHideFlags: 0
  m_CorrespondingSourceObject: {fileID: 0}
  m_PrefabInstance: {fileID: 0}
  m_PrefabAsset: {fileID: 0}
  m_GameObject: {fileID: 2934399941756521284}
  m_LocalRotation: {x: -0.000000012983319, y: -0.000000003806652, z: 0.0000000017436147,
    w: 1}
  m_LocalPosition: {x: -0.00018468022, y: 0.027519, z: -0.000000036597775}
  m_LocalScale: {x: 1.0000001, y: 1.0000001, z: 1.0000002}
  m_Children: []
  m_Father: {fileID: 1939950039635791238}
  m_RootOrder: 0
  m_LocalEulerAnglesHint: {x: 0, y: 0, z: 0}
--- !u!1 &3290824018663600918
GameObject:
  m_ObjectHideFlags: 0
  m_CorrespondingSourceObject: {fileID: 0}
  m_PrefabInstance: {fileID: 0}
  m_PrefabAsset: {fileID: 0}
  serializedVersion: 6
  m_Component:
  - component: {fileID: 5404642058096416109}
  m_Layer: 0
  m_Name: mixamorig7:LeftHandThumb2
  m_TagString: Untagged
  m_Icon: {fileID: 0}
  m_NavMeshLayer: 0
  m_StaticEditorFlags: 0
  m_IsActive: 1
--- !u!4 &5404642058096416109
Transform:
  m_ObjectHideFlags: 0
  m_CorrespondingSourceObject: {fileID: 0}
  m_PrefabInstance: {fileID: 0}
  m_PrefabAsset: {fileID: 0}
  m_GameObject: {fileID: 3290824018663600918}
  m_LocalRotation: {x: 0.00010726561, y: 0.002140293, z: -0.11357487, w: 0.9935272}
  m_LocalPosition: {x: 0.005976005, y: 0.036215372, z: 0.000000016912818}
  m_LocalScale: {x: 0.99999994, y: 0.9999998, z: 1}
  m_Children:
  - {fileID: 4410716909838537801}
  m_Father: {fileID: 2633731542317550535}
  m_RootOrder: 0
  m_LocalEulerAnglesHint: {x: 0, y: 0, z: 0}
--- !u!1 &3323676741676292673
GameObject:
  m_ObjectHideFlags: 0
  m_CorrespondingSourceObject: {fileID: 0}
  m_PrefabInstance: {fileID: 0}
  m_PrefabAsset: {fileID: 0}
  serializedVersion: 6
  m_Component:
  - component: {fileID: 645354495241786951}
  m_Layer: 0
  m_Name: mixamorig7:LeftHandThumb4
  m_TagString: Untagged
  m_Icon: {fileID: 0}
  m_NavMeshLayer: 0
  m_StaticEditorFlags: 0
  m_IsActive: 1
--- !u!4 &645354495241786951
Transform:
  m_ObjectHideFlags: 0
  m_CorrespondingSourceObject: {fileID: 0}
  m_PrefabInstance: {fileID: 0}
  m_PrefabAsset: {fileID: 0}
  m_GameObject: {fileID: 3323676741676292673}
  m_LocalRotation: {x: -0.000000031664968, y: 0.00000012107193, z: 0.0000000037252885,
    w: 1}
  m_LocalPosition: {x: -0.0038465045, y: 0.02762926, z: -0.00000007033348}
  m_LocalScale: {x: 1, y: 0.99999994, z: 1}
  m_Children: []
  m_Father: {fileID: 4410716909838537801}
  m_RootOrder: 0
  m_LocalEulerAnglesHint: {x: 0, y: 0, z: 0}
--- !u!1 &3711166544819785755
GameObject:
  m_ObjectHideFlags: 0
  m_CorrespondingSourceObject: {fileID: 0}
  m_PrefabInstance: {fileID: 0}
  m_PrefabAsset: {fileID: 0}
  serializedVersion: 6
  m_Component:
  - component: {fileID: 4291192419277786759}
  m_Layer: 0
  m_Name: mixamorig7:LeftHandRing1
  m_TagString: Untagged
  m_Icon: {fileID: 0}
  m_NavMeshLayer: 0
  m_StaticEditorFlags: 0
  m_IsActive: 1
--- !u!4 &4291192419277786759
Transform:
  m_ObjectHideFlags: 0
  m_CorrespondingSourceObject: {fileID: 0}
  m_PrefabInstance: {fileID: 0}
  m_PrefabAsset: {fileID: 0}
  m_GameObject: {fileID: 3711166544819785755}
  m_LocalRotation: {x: 0.0010505299, y: 0.007923516, z: -0.045962468, w: 0.9989112}
  m_LocalPosition: {x: -0.011774878, y: 0.101566665, z: -0.0033841054}
  m_LocalScale: {x: 1, y: 1, z: 0.9999999}
  m_Children:
  - {fileID: 2483493866039083900}
  m_Father: {fileID: 2729510906667754798}
  m_RootOrder: 3
  m_LocalEulerAnglesHint: {x: 0, y: 0, z: 0}
--- !u!1 &3891369961571730457
GameObject:
  m_ObjectHideFlags: 0
  m_CorrespondingSourceObject: {fileID: 0}
  m_PrefabInstance: {fileID: 0}
  m_PrefabAsset: {fileID: 0}
  serializedVersion: 6
  m_Component:
  - component: {fileID: 4608035708170208255}
  m_Layer: 0
  m_Name: mixamorig7:LeftHandRing4
  m_TagString: Untagged
  m_Icon: {fileID: 0}
  m_NavMeshLayer: 0
  m_StaticEditorFlags: 0
  m_IsActive: 1
--- !u!4 &4608035708170208255
Transform:
  m_ObjectHideFlags: 0
  m_CorrespondingSourceObject: {fileID: 0}
  m_PrefabInstance: {fileID: 0}
  m_PrefabAsset: {fileID: 0}
  m_GameObject: {fileID: 3891369961571730457}
  m_LocalRotation: {x: -0.000000010156328, y: 1.8766317e-11, z: 0.0000000012873899,
    w: 1}
  m_LocalPosition: {x: -0.00011872232, y: 0.023968736, z: -0.00000027032627}
  m_LocalScale: {x: 1, y: 1, z: 0.99999994}
  m_Children: []
  m_Father: {fileID: 3477384652010480635}
  m_RootOrder: 0
  m_LocalEulerAnglesHint: {x: 0, y: 0, z: 0}
--- !u!1 &3901922750046054459
GameObject:
  m_ObjectHideFlags: 0
  m_CorrespondingSourceObject: {fileID: 0}
  m_PrefabInstance: {fileID: 0}
  m_PrefabAsset: {fileID: 0}
  serializedVersion: 6
  m_Component:
  - component: {fileID: 3729859693274257103}
  m_Layer: 0
  m_Name: mixamorig7:Spine2
  m_TagString: Untagged
  m_Icon: {fileID: 0}
  m_NavMeshLayer: 0
  m_StaticEditorFlags: 0
  m_IsActive: 1
--- !u!4 &3729859693274257103
Transform:
  m_ObjectHideFlags: 0
  m_CorrespondingSourceObject: {fileID: 0}
  m_PrefabInstance: {fileID: 0}
  m_PrefabAsset: {fileID: 0}
  m_GameObject: {fileID: 3901922750046054459}
  m_LocalRotation: {x: -0.000000009313227, y: -3.472835e-20, z: 8.4703295e-21, w: 1}
  m_LocalPosition: {x: -7.6951134e-14, y: 0.14341559, z: 0}
  m_LocalScale: {x: 1, y: 1, z: 1}
  m_Children:
  - {fileID: 3232833615810983776}
  - {fileID: 756836611002916178}
  - {fileID: 606102158708391541}
  m_Father: {fileID: 3267836516922628300}
  m_RootOrder: 0
  m_LocalEulerAnglesHint: {x: 0, y: 0, z: 0}
--- !u!1 &4059909297483261033
GameObject:
  m_ObjectHideFlags: 0
  m_CorrespondingSourceObject: {fileID: 0}
  m_PrefabInstance: {fileID: 0}
  m_PrefabAsset: {fileID: 0}
  serializedVersion: 6
  m_Component:
  - component: {fileID: 5490414415214010519}
  m_Layer: 0
  m_Name: mixamorig7:LeftForeArm
  m_TagString: Untagged
  m_Icon: {fileID: 0}
  m_NavMeshLayer: 0
  m_StaticEditorFlags: 0
  m_IsActive: 1
--- !u!4 &5490414415214010519
Transform:
  m_ObjectHideFlags: 0
  m_CorrespondingSourceObject: {fileID: 0}
  m_PrefabInstance: {fileID: 0}
  m_PrefabAsset: {fileID: 0}
  m_GameObject: {fileID: 4059909297483261033}
  m_LocalRotation: {x: 0.00000040605977, y: 0.002077028, z: 0.0000002281484, w: 0.99999785}
  m_LocalPosition: {x: -3.314926e-10, y: 0.23759899, z: -0.0000000061163155}
  m_LocalScale: {x: 1.0000001, y: 1, z: 1}
  m_Children:
  - {fileID: 2729510906667754798}
  m_Father: {fileID: 3894228926233417351}
  m_RootOrder: 0
  m_LocalEulerAnglesHint: {x: 0, y: 0, z: 0}
--- !u!1 &4586270869755425523
GameObject:
  m_ObjectHideFlags: 0
  m_CorrespondingSourceObject: {fileID: 0}
  m_PrefabInstance: {fileID: 0}
  m_PrefabAsset: {fileID: 0}
  serializedVersion: 6
  m_Component:
  - component: {fileID: 5632182999275630816}
  m_Layer: 0
  m_Name: mixamorig7:RightHandMiddle1
  m_TagString: Untagged
  m_Icon: {fileID: 0}
  m_NavMeshLayer: 0
  m_StaticEditorFlags: 0
  m_IsActive: 1
--- !u!4 &5632182999275630816
Transform:
  m_ObjectHideFlags: 0
  m_CorrespondingSourceObject: {fileID: 0}
  m_PrefabInstance: {fileID: 0}
  m_PrefabAsset: {fileID: 0}
  m_GameObject: {fileID: 4586270869755425523}
  m_LocalRotation: {x: -0.01239979, y: -0.00043118777, z: 0.050850026, w: 0.9986292}
  m_LocalPosition: {x: -0.009769535, y: 0.10216228, z: -0.0025469225}
  m_LocalScale: {x: 1, y: 0.99999994, z: 1}
  m_Children:
  - {fileID: 468129316034960663}
  m_Father: {fileID: 2412539369384860487}
  m_RootOrder: 1
  m_LocalEulerAnglesHint: {x: 0, y: 0, z: 0}
--- !u!1 &4628376597978449653
GameObject:
  m_ObjectHideFlags: 0
  m_CorrespondingSourceObject: {fileID: 0}
  m_PrefabInstance: {fileID: 0}
  m_PrefabAsset: {fileID: 0}
  serializedVersion: 6
  m_Component:
  - component: {fileID: 3232833615810983776}
  m_Layer: 0
  m_Name: mixamorig7:LeftShoulder
  m_TagString: Untagged
  m_Icon: {fileID: 0}
  m_NavMeshLayer: 0
  m_StaticEditorFlags: 0
  m_IsActive: 1
--- !u!4 &3232833615810983776
Transform:
  m_ObjectHideFlags: 0
  m_CorrespondingSourceObject: {fileID: 0}
  m_PrefabInstance: {fileID: 0}
  m_PrefabAsset: {fileID: 0}
  m_GameObject: {fileID: 4628376597978449653}
  m_LocalRotation: {x: 0.5752249, y: -0.4063153, z: 0.58832246, w: 0.39736748}
  m_LocalPosition: {x: -0.0745908, y: 0.13272251, z: -0.0016928434}
  m_LocalScale: {x: 0.99999994, y: 0.9999996, z: 0.9999997}
  m_Children:
  - {fileID: 3894228926233417351}
  m_Father: {fileID: 3729859693274257103}
  m_RootOrder: 0
  m_LocalEulerAnglesHint: {x: 0, y: 0, z: 0}
--- !u!1 &4635392379868842811
GameObject:
  m_ObjectHideFlags: 0
  m_CorrespondingSourceObject: {fileID: 0}
  m_PrefabInstance: {fileID: 0}
  m_PrefabAsset: {fileID: 0}
  serializedVersion: 6
  m_Component:
  - component: {fileID: 3949552179805105318}
  - component: {fileID: 3183944341818438300}
  m_Layer: 0
  m_Name: Ch08_Hair
  m_TagString: Untagged
  m_Icon: {fileID: 0}
  m_NavMeshLayer: 0
  m_StaticEditorFlags: 0
  m_IsActive: 1
--- !u!4 &3949552179805105318
Transform:
  m_ObjectHideFlags: 0
  m_CorrespondingSourceObject: {fileID: 0}
  m_PrefabInstance: {fileID: 0}
  m_PrefabAsset: {fileID: 0}
  m_GameObject: {fileID: 4635392379868842811}
  m_LocalRotation: {x: 0.00000008146034, y: -0.00000004371139, z: 3.5109547e-15, w: 1}
  m_LocalPosition: {x: 0.00000001385808, y: -0.0000000056624416, z: 0.0000000020069992}
  m_LocalScale: {x: 0.9999999, y: 1, z: 1}
  m_Children: []
  m_Father: {fileID: 7738103606347931849}
  m_RootOrder: 4
  m_LocalEulerAnglesHint: {x: 0, y: 0, z: 0}
--- !u!137 &3183944341818438300
SkinnedMeshRenderer:
  m_ObjectHideFlags: 0
  m_CorrespondingSourceObject: {fileID: 0}
  m_PrefabInstance: {fileID: 0}
  m_PrefabAsset: {fileID: 0}
  m_GameObject: {fileID: 4635392379868842811}
  m_Enabled: 1
  m_CastShadows: 1
  m_ReceiveShadows: 1
  m_DynamicOccludee: 1
  m_MotionVectors: 1
  m_LightProbeUsage: 1
  m_ReflectionProbeUsage: 1
  m_RayTracingMode: 3
  m_RayTraceProcedural: 0
  m_RenderingLayerMask: 1
  m_RendererPriority: 0
  m_Materials:
  - {fileID: 2100000, guid: e24ff704de15fb748b6811d4b64cf027, type: 2}
  m_StaticBatchInfo:
    firstSubMesh: 0
    subMeshCount: 0
  m_StaticBatchRoot: {fileID: 0}
  m_ProbeAnchor: {fileID: 0}
  m_LightProbeVolumeOverride: {fileID: 0}
  m_ScaleInLightmap: 1
  m_ReceiveGI: 1
  m_PreserveUVs: 0
  m_IgnoreNormalsForChartDetection: 0
  m_ImportantGI: 0
  m_StitchLightmapSeams: 1
  m_SelectedEditorRenderState: 3
  m_MinimumChartSize: 4
  m_AutoUVMaxDistance: 0.5
  m_AutoUVMaxAngle: 89
  m_LightmapParameters: {fileID: 0}
  m_SortingLayerID: 0
  m_SortingLayer: 0
  m_SortingOrder: 0
  serializedVersion: 2
  m_Quality: 0
  m_UpdateWhenOffscreen: 0
  m_SkinnedMotionVectors: 1
  m_Mesh: {fileID: 3309353019484968592, guid: da2bd05a890945f438a5eb58e847b037, type: 3}
  m_Bones:
  - {fileID: 887912775331276770}
  - {fileID: 60734200119642146}
  - {fileID: 3267836516922628300}
  - {fileID: 3729859693274257103}
  - {fileID: 756836611002916178}
  - {fileID: 3388376609411715377}
  - {fileID: 8731614391407315200}
  - {fileID: 3232833615810983776}
  - {fileID: 3894228926233417351}
  - {fileID: 5490414415214010519}
  - {fileID: 2729510906667754798}
  - {fileID: 2633731542317550535}
  - {fileID: 5404642058096416109}
  - {fileID: 4410716909838537801}
  - {fileID: 645354495241786951}
  - {fileID: 1714490468280131566}
  - {fileID: 7728772716993686644}
  - {fileID: 8813932460502045989}
  - {fileID: 2796345739140478199}
  - {fileID: 3586051826767877800}
  - {fileID: 2065200717531570137}
  - {fileID: 8157060859345506992}
  - {fileID: 4239166120321646420}
  - {fileID: 4291192419277786759}
  - {fileID: 2483493866039083900}
  - {fileID: 3477384652010480635}
  - {fileID: 4608035708170208255}
  - {fileID: 7205980608262808212}
  - {fileID: 2585000393140487883}
  - {fileID: 5093930223000810241}
  - {fileID: 8428275643057404922}
  - {fileID: 606102158708391541}
  - {fileID: 3380973132502100897}
  - {fileID: 5246991968109674873}
  - {fileID: 2412539369384860487}
  - {fileID: 3480250678402925770}
  - {fileID: 4813899307962658093}
  - {fileID: 4797254608109439576}
  - {fileID: 8384757803799409065}
  - {fileID: 8629511986485481023}
  - {fileID: 7304939489993156766}
  - {fileID: 1939950039635791238}
  - {fileID: 5476734428892420727}
  - {fileID: 5632182999275630816}
  - {fileID: 468129316034960663}
  - {fileID: 2033892447152697143}
  - {fileID: 2382330807306658101}
  - {fileID: 6924546448911640291}
  - {fileID: 3548324101711008175}
  - {fileID: 6798979872337152980}
  - {fileID: 5651211639685375182}
  - {fileID: 7148693638482782121}
  - {fileID: 1785751878325826676}
  - {fileID: 2130121633225310678}
  - {fileID: 7501157212476499952}
  - {fileID: 5003320984012842096}
  - {fileID: 8951919700484106637}
  - {fileID: 6346050010583870228}
  - {fileID: 6526720862707494071}
  - {fileID: 2953873749063184553}
  - {fileID: 4347328239035312993}
  - {fileID: 6420461008548329384}
  - {fileID: 1139607038868432817}
  - {fileID: 581989638565591130}
  - {fileID: 1954746126063738210}
  m_BlendShapeWeights: []
  m_RootBone: {fileID: 887912775331276770}
  m_AABB:
    m_Center: {x: 0.0007240474, y: 0.688079, z: 0.0077675283}
    m_Extent: {x: 0.08691825, y: 0.113001764, z: 0.10816426}
  m_DirtyAABB: 0
--- !u!1 &5080095918739625523
GameObject:
  m_ObjectHideFlags: 0
  m_CorrespondingSourceObject: {fileID: 0}
  m_PrefabInstance: {fileID: 0}
  m_PrefabAsset: {fileID: 0}
  serializedVersion: 6
  m_Component:
  - component: {fileID: 7304939489993156766}
  m_Layer: 0
  m_Name: mixamorig7:RightHandIndex2
  m_TagString: Untagged
  m_Icon: {fileID: 0}
  m_NavMeshLayer: 0
  m_StaticEditorFlags: 0
  m_IsActive: 1
--- !u!4 &7304939489993156766
Transform:
  m_ObjectHideFlags: 0
  m_CorrespondingSourceObject: {fileID: 0}
  m_PrefabInstance: {fileID: 0}
  m_PrefabAsset: {fileID: 0}
  m_GameObject: {fileID: 5080095918739625523}
  m_LocalRotation: {x: 0.0000009084576, y: 0.00022505075, z: -0.0052852165, w: 0.99998605}
  m_LocalPosition: {x: 0.0002649808, y: 0.033117842, z: -0.0000000318083}
  m_LocalScale: {x: 1, y: 0.9999998, z: 0.9999999}
  m_Children:
  - {fileID: 1939950039635791238}
  m_Father: {fileID: 8629511986485481023}
  m_RootOrder: 0
  m_LocalEulerAnglesHint: {x: 0, y: 0, z: 0}
--- !u!1 &5126659253911045760
GameObject:
  m_ObjectHideFlags: 0
  m_CorrespondingSourceObject: {fileID: 0}
  m_PrefabInstance: {fileID: 0}
  m_PrefabAsset: {fileID: 0}
  serializedVersion: 6
  m_Component:
  - component: {fileID: 8731614391407315200}
  m_Layer: 0
  m_Name: mixamorig7:HeadTop_End
  m_TagString: Untagged
  m_Icon: {fileID: 0}
  m_NavMeshLayer: 0
  m_StaticEditorFlags: 0
  m_IsActive: 1
--- !u!4 &8731614391407315200
Transform:
  m_ObjectHideFlags: 0
  m_CorrespondingSourceObject: {fileID: 0}
  m_PrefabInstance: {fileID: 0}
  m_PrefabAsset: {fileID: 0}
  m_GameObject: {fileID: 5126659253911045760}
  m_LocalRotation: {x: 1.0339758e-25, y: -6.192002e-22, z: -9.7808526e-21, w: 1}
  m_LocalPosition: {x: 4.8344392e-14, y: 0.22222412, z: 0.054138135}
  m_LocalScale: {x: 1, y: 1, z: 1}
  m_Children: []
  m_Father: {fileID: 3388376609411715377}
  m_RootOrder: 0
  m_LocalEulerAnglesHint: {x: 0, y: 0, z: 0}
--- !u!1 &5249553295363451241
GameObject:
  m_ObjectHideFlags: 0
  m_CorrespondingSourceObject: {fileID: 0}
  m_PrefabInstance: {fileID: 0}
  m_PrefabAsset: {fileID: 0}
  serializedVersion: 6
  m_Component:
  - component: {fileID: 4239166120321646420}
  m_Layer: 0
  m_Name: mixamorig7:LeftHandMiddle4
  m_TagString: Untagged
  m_Icon: {fileID: 0}
  m_NavMeshLayer: 0
  m_StaticEditorFlags: 0
  m_IsActive: 1
--- !u!4 &4239166120321646420
Transform:
  m_ObjectHideFlags: 0
  m_CorrespondingSourceObject: {fileID: 0}
  m_PrefabInstance: {fileID: 0}
  m_PrefabAsset: {fileID: 0}
  m_GameObject: {fileID: 5249553295363451241}
  m_LocalRotation: {x: 7.3328e-11, y: -0.000000004705647, z: 0.0000000034928576, w: 1}
  m_LocalPosition: {x: 0.00009117767, y: 0.030879721, z: -0.00000007561815}
  m_LocalScale: {x: 1, y: 1, z: 1.0000002}
  m_Children: []
  m_Father: {fileID: 8157060859345506992}
  m_RootOrder: 0
  m_LocalEulerAnglesHint: {x: 0, y: 0, z: 0}
--- !u!1 &5272505398892684176
GameObject:
  m_ObjectHideFlags: 0
  m_CorrespondingSourceObject: {fileID: 0}
  m_PrefabInstance: {fileID: 0}
  m_PrefabAsset: {fileID: 0}
  serializedVersion: 6
  m_Component:
  - component: {fileID: 8428275643057404922}
  m_Layer: 0
  m_Name: mixamorig7:LeftHandPinky4
  m_TagString: Untagged
  m_Icon: {fileID: 0}
  m_NavMeshLayer: 0
  m_StaticEditorFlags: 0
  m_IsActive: 1
--- !u!4 &8428275643057404922
Transform:
  m_ObjectHideFlags: 0
  m_CorrespondingSourceObject: {fileID: 0}
  m_PrefabInstance: {fileID: 0}
  m_PrefabAsset: {fileID: 0}
  m_GameObject: {fileID: 5272505398892684176}
  m_LocalRotation: {x: 0.000000027416945, y: -5.8070437e-11, z: -2.480078e-10, w: 1}
  m_LocalPosition: {x: 0.000030438303, y: 0.019636095, z: 0.000000028373323}
  m_LocalScale: {x: 1.0000001, y: 1.0000001, z: 0.99999994}
  m_Children: []
  m_Father: {fileID: 5093930223000810241}
  m_RootOrder: 0
  m_LocalEulerAnglesHint: {x: 0, y: 0, z: 0}
--- !u!1 &5347001075650914607
GameObject:
  m_ObjectHideFlags: 0
  m_CorrespondingSourceObject: {fileID: 0}
  m_PrefabInstance: {fileID: 0}
  m_PrefabAsset: {fileID: 0}
  serializedVersion: 6
  m_Component:
  - component: {fileID: 3380973132502100897}
  m_Layer: 0
  m_Name: mixamorig7:RightArm
  m_TagString: Untagged
  m_Icon: {fileID: 0}
  m_NavMeshLayer: 0
  m_StaticEditorFlags: 0
  m_IsActive: 1
--- !u!4 &3380973132502100897
Transform:
  m_ObjectHideFlags: 0
  m_CorrespondingSourceObject: {fileID: 0}
  m_PrefabInstance: {fileID: 0}
  m_PrefabAsset: {fileID: 0}
  m_GameObject: {fileID: 5347001075650914607}
  m_LocalRotation: {x: -0.1799727, y: 0.006693425, z: 0.0103049, w: 0.9835949}
  m_LocalPosition: {x: -0.00000001013279, y: 0.1593481, z: -0.000000010430813}
  m_LocalScale: {x: 1, y: 0.9999998, z: 0.9999999}
  m_Children:
  - {fileID: 5246991968109674873}
  m_Father: {fileID: 606102158708391541}
  m_RootOrder: 0
  m_LocalEulerAnglesHint: {x: 0, y: 0, z: 0}
--- !u!1 &5433133605084341164
GameObject:
  m_ObjectHideFlags: 0
  m_CorrespondingSourceObject: {fileID: 0}
  m_PrefabInstance: {fileID: 0}
  m_PrefabAsset: {fileID: 0}
  serializedVersion: 6
  m_Component:
  - component: {fileID: 468129316034960663}
  m_Layer: 0
  m_Name: mixamorig7:RightHandMiddle2
  m_TagString: Untagged
  m_Icon: {fileID: 0}
  m_NavMeshLayer: 0
  m_StaticEditorFlags: 0
  m_IsActive: 1
--- !u!4 &468129316034960663
Transform:
  m_ObjectHideFlags: 0
  m_CorrespondingSourceObject: {fileID: 0}
  m_PrefabInstance: {fileID: 0}
  m_PrefabAsset: {fileID: 0}
  m_GameObject: {fileID: 5433133605084341164}
  m_LocalRotation: {x: 0.000000528864, y: 0.00015816856, z: -0.004476913, w: 0.99999}
  m_LocalPosition: {x: 0.00022581771, y: 0.03523978, z: 0.000000024752808}
  m_LocalScale: {x: 0.99999994, y: 1.0000004, z: 1.0000001}
  m_Children:
  - {fileID: 2033892447152697143}
  m_Father: {fileID: 5632182999275630816}
  m_RootOrder: 0
  m_LocalEulerAnglesHint: {x: 0, y: 0, z: 0}
--- !u!1 &5473995776224286107
GameObject:
  m_ObjectHideFlags: 0
  m_CorrespondingSourceObject: {fileID: 0}
  m_PrefabInstance: {fileID: 0}
  m_PrefabAsset: {fileID: 0}
  serializedVersion: 6
  m_Component:
  - component: {fileID: 7148693638482782121}
  m_Layer: 0
  m_Name: mixamorig7:RightHandPinky1
  m_TagString: Untagged
  m_Icon: {fileID: 0}
  m_NavMeshLayer: 0
  m_StaticEditorFlags: 0
  m_IsActive: 1
--- !u!4 &7148693638482782121
Transform:
  m_ObjectHideFlags: 0
  m_CorrespondingSourceObject: {fileID: 0}
  m_PrefabInstance: {fileID: 0}
  m_PrefabAsset: {fileID: 0}
  m_GameObject: {fileID: 5473995776224286107}
  m_LocalRotation: {x: -0.012119448, y: -0.006438611, z: 0.049090806, w: 0.9987001}
  m_LocalPosition: {x: 0.03382714, y: 0.09142224, z: -0.0010437864}
  m_LocalScale: {x: 0.9999998, y: 1, z: 0.9999999}
  m_Children:
  - {fileID: 1785751878325826676}
  m_Father: {fileID: 2412539369384860487}
  m_RootOrder: 2
  m_LocalEulerAnglesHint: {x: 0, y: 0, z: 0}
--- !u!1 &5487894365907305336
GameObject:
  m_ObjectHideFlags: 0
  m_CorrespondingSourceObject: {fileID: 0}
  m_PrefabInstance: {fileID: 0}
  m_PrefabAsset: {fileID: 0}
  serializedVersion: 6
  m_Component:
  - component: {fileID: 3586051826767877800}
  m_Layer: 0
  m_Name: mixamorig7:LeftHandMiddle1
  m_TagString: Untagged
  m_Icon: {fileID: 0}
  m_NavMeshLayer: 0
  m_StaticEditorFlags: 0
  m_IsActive: 1
--- !u!4 &3586051826767877800
Transform:
  m_ObjectHideFlags: 0
  m_CorrespondingSourceObject: {fileID: 0}
  m_PrefabInstance: {fileID: 0}
  m_PrefabAsset: {fileID: 0}
  m_GameObject: {fileID: 5487894365907305336}
  m_LocalRotation: {x: 0.000623405, y: -0.0010972952, z: -0.052129928, w: 0.9986395}
  m_LocalPosition: {x: 0.00935358, y: 0.099118575, z: 0.00013340554}
  m_LocalScale: {x: 1, y: 1.0000002, z: 0.9999999}
  m_Children:
  - {fileID: 2065200717531570137}
  m_Father: {fileID: 2729510906667754798}
  m_RootOrder: 1
  m_LocalEulerAnglesHint: {x: 0, y: 0, z: 0}
--- !u!1 &5718154795335467377
GameObject:
  m_ObjectHideFlags: 0
  m_CorrespondingSourceObject: {fileID: 0}
  m_PrefabInstance: {fileID: 0}
  m_PrefabAsset: {fileID: 0}
  serializedVersion: 6
  m_Component:
  - component: {fileID: 1785751878325826676}
  m_Layer: 0
  m_Name: mixamorig7:RightHandPinky2
  m_TagString: Untagged
  m_Icon: {fileID: 0}
  m_NavMeshLayer: 0
  m_StaticEditorFlags: 0
  m_IsActive: 1
--- !u!4 &1785751878325826676
Transform:
  m_ObjectHideFlags: 0
  m_CorrespondingSourceObject: {fileID: 0}
  m_PrefabInstance: {fileID: 0}
  m_PrefabAsset: {fileID: 0}
  m_GameObject: {fileID: 5718154795335467377}
  m_LocalRotation: {x: -0.0000015078601, y: -0.000024536106, z: -0.0031207888, w: 0.9999952}
  m_LocalPosition: {x: 0.000076328964, y: 0.027716182, z: -0.00000002067085}
  m_LocalScale: {x: 1, y: 1, z: 1.0000001}
  m_Children:
  - {fileID: 2130121633225310678}
  m_Father: {fileID: 7148693638482782121}
  m_RootOrder: 0
  m_LocalEulerAnglesHint: {x: 0, y: 0, z: 0}
--- !u!1 &5830758775130817994
GameObject:
  m_ObjectHideFlags: 0
  m_CorrespondingSourceObject: {fileID: 0}
  m_PrefabInstance: {fileID: 0}
  m_PrefabAsset: {fileID: 0}
  serializedVersion: 6
  m_Component:
  - component: {fileID: 8157060859345506992}
  m_Layer: 0
  m_Name: mixamorig7:LeftHandMiddle3
  m_TagString: Untagged
  m_Icon: {fileID: 0}
  m_NavMeshLayer: 0
  m_StaticEditorFlags: 0
  m_IsActive: 1
--- !u!4 &8157060859345506992
Transform:
  m_ObjectHideFlags: 0
  m_CorrespondingSourceObject: {fileID: 0}
  m_PrefabInstance: {fileID: 0}
  m_PrefabAsset: {fileID: 0}
  m_GameObject: {fileID: 5830758775130817994}
  m_LocalRotation: {x: -0.00000031111725, y: -0.00017989561, z: -0.0024255775, w: 0.9999971}
  m_LocalPosition: {x: 0.0002672249, y: 0.034239825, z: 0.000000040919694}
  m_LocalScale: {x: 1.0000001, y: 0.99999994, z: 1}
  m_Children:
  - {fileID: 4239166120321646420}
  m_Father: {fileID: 2065200717531570137}
  m_RootOrder: 0
  m_LocalEulerAnglesHint: {x: 0, y: 0, z: 0}
--- !u!1 &5891831837832991101
GameObject:
  m_ObjectHideFlags: 0
  m_CorrespondingSourceObject: {fileID: 0}
  m_PrefabInstance: {fileID: 0}
  m_PrefabAsset: {fileID: 0}
  serializedVersion: 6
  m_Component:
  - component: {fileID: 3480250678402925770}
  m_Layer: 0
  m_Name: mixamorig7:RightHandThumb1
  m_TagString: Untagged
  m_Icon: {fileID: 0}
  m_NavMeshLayer: 0
  m_StaticEditorFlags: 0
  m_IsActive: 1
--- !u!4 &3480250678402925770
Transform:
  m_ObjectHideFlags: 0
  m_CorrespondingSourceObject: {fileID: 0}
  m_PrefabInstance: {fileID: 0}
  m_PrefabAsset: {fileID: 0}
  m_GameObject: {fileID: 5891831837832991101}
  m_LocalRotation: {x: 0.2074047, y: 0.092014596, z: 0.21138205, w: 0.95070195}
  m_LocalPosition: {x: -0.028704891, y: 0.029288394, z: 0.011567255}
  m_LocalScale: {x: 0.9999998, y: 1, z: 1}
  m_Children:
  - {fileID: 4813899307962658093}
  m_Father: {fileID: 2412539369384860487}
  m_RootOrder: 4
  m_LocalEulerAnglesHint: {x: 0, y: 0, z: 0}
--- !u!1 &5952220008643582693
GameObject:
  m_ObjectHideFlags: 0
  m_CorrespondingSourceObject: {fileID: 0}
  m_PrefabInstance: {fileID: 0}
  m_PrefabAsset: {fileID: 0}
  serializedVersion: 6
  m_Component:
  - component: {fileID: 2796345739140478199}
  m_Layer: 0
  m_Name: mixamorig7:LeftHandIndex4
  m_TagString: Untagged
  m_Icon: {fileID: 0}
  m_NavMeshLayer: 0
  m_StaticEditorFlags: 0
  m_IsActive: 1
--- !u!4 &2796345739140478199
Transform:
  m_ObjectHideFlags: 0
  m_CorrespondingSourceObject: {fileID: 0}
  m_PrefabInstance: {fileID: 0}
  m_PrefabAsset: {fileID: 0}
  m_GameObject: {fileID: 5952220008643582693}
  m_LocalRotation: {x: 0.00000026794987, y: -0.00000031050646, z: -0.00000023482984,
    w: 1}
  m_LocalPosition: {x: 0.000060182363, y: 0.026064541, z: -0.00000021974905}
  m_LocalScale: {x: 0.99999994, y: 1, z: 0.9999999}
  m_Children: []
  m_Father: {fileID: 8813932460502045989}
  m_RootOrder: 0
  m_LocalEulerAnglesHint: {x: 0, y: 0, z: 0}
--- !u!1 &5984577772645767693
GameObject:
  m_ObjectHideFlags: 0
  m_CorrespondingSourceObject: {fileID: 0}
  m_PrefabInstance: {fileID: 0}
  m_PrefabAsset: {fileID: 0}
  serializedVersion: 6
  m_Component:
  - component: {fileID: 2065200717531570137}
  m_Layer: 0
  m_Name: mixamorig7:LeftHandMiddle2
  m_TagString: Untagged
  m_Icon: {fileID: 0}
  m_NavMeshLayer: 0
  m_StaticEditorFlags: 0
  m_IsActive: 1
--- !u!4 &2065200717531570137
Transform:
  m_ObjectHideFlags: 0
  m_CorrespondingSourceObject: {fileID: 0}
  m_PrefabInstance: {fileID: 0}
  m_PrefabAsset: {fileID: 0}
  m_GameObject: {fileID: 5984577772645767693}
  m_LocalRotation: {x: -0.00000040176246, y: -0.00014974603, z: 0.009004484, w: 0.99995947}
  m_LocalPosition: {x: -0.00035840273, y: 0.03505816, z: -0.0000000753504}
  m_LocalScale: {x: 0.9999998, y: 0.9999997, z: 0.99999994}
  m_Children:
  - {fileID: 8157060859345506992}
  m_Father: {fileID: 3586051826767877800}
  m_RootOrder: 0
  m_LocalEulerAnglesHint: {x: 0, y: 0, z: 0}
--- !u!1 &6054279064660304621
GameObject:
  m_ObjectHideFlags: 0
  m_CorrespondingSourceObject: {fileID: 0}
  m_PrefabInstance: {fileID: 0}
  m_PrefabAsset: {fileID: 0}
  serializedVersion: 6
  m_Component:
  - component: {fileID: 7501157212476499952}
  m_Layer: 0
  m_Name: mixamorig7:RightHandPinky4
  m_TagString: Untagged
  m_Icon: {fileID: 0}
  m_NavMeshLayer: 0
  m_StaticEditorFlags: 0
  m_IsActive: 1
--- !u!4 &7501157212476499952
Transform:
  m_ObjectHideFlags: 0
  m_CorrespondingSourceObject: {fileID: 0}
  m_PrefabInstance: {fileID: 0}
  m_PrefabAsset: {fileID: 0}
  m_GameObject: {fileID: 6054279064660304621}
  m_LocalRotation: {x: 0.000000030629877, y: -5.016057e-13, z: -0.0000000029933505,
    w: 1}
  m_LocalPosition: {x: 0.0000020091422, y: 0.019524153, z: 0.00000027724948}
  m_LocalScale: {x: 1, y: 1.0000001, z: 1}
  m_Children: []
  m_Father: {fileID: 2130121633225310678}
  m_RootOrder: 0
  m_LocalEulerAnglesHint: {x: 0, y: 0, z: 0}
--- !u!1 &6062753117682079539
GameObject:
  m_ObjectHideFlags: 0
  m_CorrespondingSourceObject: {fileID: 0}
  m_PrefabInstance: {fileID: 0}
  m_PrefabAsset: {fileID: 0}
  serializedVersion: 6
  m_Component:
  - component: {fileID: 756836611002916178}
  m_Layer: 0
  m_Name: mixamorig7:Neck
  m_TagString: Untagged
  m_Icon: {fileID: 0}
  m_NavMeshLayer: 0
  m_StaticEditorFlags: 0
  m_IsActive: 1
--- !u!4 &756836611002916178
Transform:
  m_ObjectHideFlags: 0
  m_CorrespondingSourceObject: {fileID: 0}
  m_PrefabInstance: {fileID: 0}
  m_PrefabAsset: {fileID: 0}
  m_GameObject: {fileID: 6062753117682079539}
  m_LocalRotation: {x: 0.02969808, y: -1.6133377e-19, z: -6.626393e-21, w: 0.9995589}
  m_LocalPosition: {x: -6.7850583e-15, y: 0.16134216, z: -0.000000019073486}
  m_LocalScale: {x: 1, y: 1, z: 1}
  m_Children:
  - {fileID: 3388376609411715377}
  m_Father: {fileID: 3729859693274257103}
  m_RootOrder: 1
  m_LocalEulerAnglesHint: {x: 0, y: 0, z: 0}
--- !u!1 &6088094420859882090
GameObject:
  m_ObjectHideFlags: 0
  m_CorrespondingSourceObject: {fileID: 0}
  m_PrefabInstance: {fileID: 0}
  m_PrefabAsset: {fileID: 0}
  serializedVersion: 6
  m_Component:
  - component: {fileID: 155490400185030342}
  - component: {fileID: 6205473447889137714}
  m_Layer: 0
  m_Name: Ch08_Hoodie
  m_TagString: Untagged
  m_Icon: {fileID: 0}
  m_NavMeshLayer: 0
  m_StaticEditorFlags: 0
  m_IsActive: 1
--- !u!4 &155490400185030342
Transform:
  m_ObjectHideFlags: 0
  m_CorrespondingSourceObject: {fileID: 0}
  m_PrefabInstance: {fileID: 0}
  m_PrefabAsset: {fileID: 0}
  m_GameObject: {fileID: 6088094420859882090}
  m_LocalRotation: {x: 0.00000008146034, y: 0.00000004371139, z: -3.4988619e-15, w: 1}
  m_LocalPosition: {x: 0.000000014313121, y: -0.00000004649162, z: 0.0000000021979136}
  m_LocalScale: {x: 1, y: 1, z: 1}
  m_Children: []
  m_Father: {fileID: 7738103606347931849}
  m_RootOrder: 5
  m_LocalEulerAnglesHint: {x: 0, y: 0, z: 0}
--- !u!137 &6205473447889137714
SkinnedMeshRenderer:
  m_ObjectHideFlags: 0
  m_CorrespondingSourceObject: {fileID: 0}
  m_PrefabInstance: {fileID: 0}
  m_PrefabAsset: {fileID: 0}
  m_GameObject: {fileID: 6088094420859882090}
  m_Enabled: 1
  m_CastShadows: 1
  m_ReceiveShadows: 1
  m_DynamicOccludee: 1
  m_MotionVectors: 1
  m_LightProbeUsage: 1
  m_ReflectionProbeUsage: 1
  m_RayTracingMode: 3
  m_RayTraceProcedural: 0
  m_RenderingLayerMask: 1
  m_RendererPriority: 0
  m_Materials:
  - {fileID: 2100000, guid: 60f2f037a54ea7743a59fa2fb8e8c8c4, type: 2}
  m_StaticBatchInfo:
    firstSubMesh: 0
    subMeshCount: 0
  m_StaticBatchRoot: {fileID: 0}
  m_ProbeAnchor: {fileID: 0}
  m_LightProbeVolumeOverride: {fileID: 0}
  m_ScaleInLightmap: 1
  m_ReceiveGI: 1
  m_PreserveUVs: 0
  m_IgnoreNormalsForChartDetection: 0
  m_ImportantGI: 0
  m_StitchLightmapSeams: 1
  m_SelectedEditorRenderState: 3
  m_MinimumChartSize: 4
  m_AutoUVMaxDistance: 0.5
  m_AutoUVMaxAngle: 89
  m_LightmapParameters: {fileID: 0}
  m_SortingLayerID: 0
  m_SortingLayer: 0
  m_SortingOrder: 0
  serializedVersion: 2
  m_Quality: 0
  m_UpdateWhenOffscreen: 0
  m_SkinnedMotionVectors: 1
  m_Mesh: {fileID: 8526388246355166518, guid: da2bd05a890945f438a5eb58e847b037, type: 3}
  m_Bones:
  - {fileID: 887912775331276770}
  - {fileID: 60734200119642146}
  - {fileID: 3267836516922628300}
  - {fileID: 3729859693274257103}
  - {fileID: 756836611002916178}
  - {fileID: 3388376609411715377}
  - {fileID: 8731614391407315200}
  - {fileID: 3232833615810983776}
  - {fileID: 3894228926233417351}
  - {fileID: 5490414415214010519}
  - {fileID: 2729510906667754798}
  - {fileID: 2633731542317550535}
  - {fileID: 5404642058096416109}
  - {fileID: 4410716909838537801}
  - {fileID: 645354495241786951}
  - {fileID: 1714490468280131566}
  - {fileID: 7728772716993686644}
  - {fileID: 8813932460502045989}
  - {fileID: 2796345739140478199}
  - {fileID: 3586051826767877800}
  - {fileID: 2065200717531570137}
  - {fileID: 8157060859345506992}
  - {fileID: 4239166120321646420}
  - {fileID: 4291192419277786759}
  - {fileID: 2483493866039083900}
  - {fileID: 3477384652010480635}
  - {fileID: 4608035708170208255}
  - {fileID: 7205980608262808212}
  - {fileID: 2585000393140487883}
  - {fileID: 5093930223000810241}
  - {fileID: 8428275643057404922}
  - {fileID: 606102158708391541}
  - {fileID: 3380973132502100897}
  - {fileID: 5246991968109674873}
  - {fileID: 2412539369384860487}
  - {fileID: 3480250678402925770}
  - {fileID: 4813899307962658093}
  - {fileID: 4797254608109439576}
  - {fileID: 8384757803799409065}
  - {fileID: 8629511986485481023}
  - {fileID: 7304939489993156766}
  - {fileID: 1939950039635791238}
  - {fileID: 5476734428892420727}
  - {fileID: 5632182999275630816}
  - {fileID: 468129316034960663}
  - {fileID: 2033892447152697143}
  - {fileID: 2382330807306658101}
  - {fileID: 6924546448911640291}
  - {fileID: 3548324101711008175}
  - {fileID: 6798979872337152980}
  - {fileID: 5651211639685375182}
  - {fileID: 7148693638482782121}
  - {fileID: 1785751878325826676}
  - {fileID: 2130121633225310678}
  - {fileID: 7501157212476499952}
  - {fileID: 5003320984012842096}
  - {fileID: 8951919700484106637}
  - {fileID: 6346050010583870228}
  - {fileID: 6526720862707494071}
  - {fileID: 2953873749063184553}
  - {fileID: 4347328239035312993}
  - {fileID: 6420461008548329384}
  - {fileID: 1139607038868432817}
  - {fileID: 581989638565591130}
  - {fileID: 1954746126063738210}
  m_BlendShapeWeights: []
  m_RootBone: {fileID: 887912775331276770}
  m_AABB:
    m_Center: {x: 0.00017732382, y: 0.33513397, z: -0.019243054}
    m_Extent: {x: 0.7247633, y: 0.3146938, z: 0.18316334}
  m_DirtyAABB: 0
--- !u!1 &6242655429090204614
GameObject:
  m_ObjectHideFlags: 0
  m_CorrespondingSourceObject: {fileID: 0}
  m_PrefabInstance: {fileID: 0}
  m_PrefabAsset: {fileID: 0}
  serializedVersion: 6
  m_Component:
  - component: {fileID: 1939950039635791238}
  m_Layer: 0
  m_Name: mixamorig7:RightHandIndex3
  m_TagString: Untagged
  m_Icon: {fileID: 0}
  m_NavMeshLayer: 0
  m_StaticEditorFlags: 0
  m_IsActive: 1
--- !u!4 &1939950039635791238
Transform:
  m_ObjectHideFlags: 0
  m_CorrespondingSourceObject: {fileID: 0}
  m_PrefabInstance: {fileID: 0}
  m_PrefabAsset: {fileID: 0}
  m_GameObject: {fileID: 6242655429090204614}
  m_LocalRotation: {x: 0.0000016509332, y: -0.00014890892, z: -0.002076756, w: 0.99999785}
  m_LocalPosition: {x: -0.00008030131, y: 0.031145535, z: -0.0000003055481}
  m_LocalScale: {x: 0.99999976, y: 0.99999994, z: 1}
  m_Children:
  - {fileID: 5476734428892420727}
  m_Father: {fileID: 7304939489993156766}
  m_RootOrder: 0
  m_LocalEulerAnglesHint: {x: 0, y: 0, z: 0}
--- !u!1 &6374050566254342703
GameObject:
  m_ObjectHideFlags: 0
  m_CorrespondingSourceObject: {fileID: 0}
  m_PrefabInstance: {fileID: 0}
  m_PrefabAsset: {fileID: 0}
  serializedVersion: 6
  m_Component:
  - component: {fileID: 8813932460502045989}
  m_Layer: 0
  m_Name: mixamorig7:LeftHandIndex3
  m_TagString: Untagged
  m_Icon: {fileID: 0}
  m_NavMeshLayer: 0
  m_StaticEditorFlags: 0
  m_IsActive: 1
--- !u!4 &8813932460502045989
Transform:
  m_ObjectHideFlags: 0
  m_CorrespondingSourceObject: {fileID: 0}
  m_PrefabInstance: {fileID: 0}
  m_PrefabAsset: {fileID: 0}
  m_GameObject: {fileID: 6374050566254342703}
  m_LocalRotation: {x: 0.0000016066743, y: -0.00008000352, z: -0.0016616991, w: 0.9999986}
  m_LocalPosition: {x: 0.00017249971, y: 0.030576812, z: 0.000000032678944}
  m_LocalScale: {x: 0.99999994, y: 0.99999976, z: 0.99999994}
  m_Children:
  - {fileID: 2796345739140478199}
  m_Father: {fileID: 7728772716993686644}
  m_RootOrder: 0
  m_LocalEulerAnglesHint: {x: 0, y: 0, z: 0}
--- !u!1 &6459097615743020941
GameObject:
  m_ObjectHideFlags: 0
  m_CorrespondingSourceObject: {fileID: 0}
  m_PrefabInstance: {fileID: 0}
  m_PrefabAsset: {fileID: 0}
  serializedVersion: 6
  m_Component:
  - component: {fileID: 8384757803799409065}
  m_Layer: 0
  m_Name: mixamorig7:RightHandThumb4
  m_TagString: Untagged
  m_Icon: {fileID: 0}
  m_NavMeshLayer: 0
  m_StaticEditorFlags: 0
  m_IsActive: 1
--- !u!4 &8384757803799409065
Transform:
  m_ObjectHideFlags: 0
  m_CorrespondingSourceObject: {fileID: 0}
  m_PrefabInstance: {fileID: 0}
  m_PrefabAsset: {fileID: 0}
  m_GameObject: {fileID: 6459097615743020941}
  m_LocalRotation: {x: -0.000000016763806, y: -0.000000009313226, z: -0.000000018626453,
    w: 1}
  m_LocalPosition: {x: 0.0039279745, y: 0.03182903, z: 0.00000014305114}
  m_LocalScale: {x: 0.99999994, y: 0.9999999, z: 1}
  m_Children: []
  m_Father: {fileID: 4797254608109439576}
  m_RootOrder: 0
  m_LocalEulerAnglesHint: {x: 0, y: 0, z: 0}
--- !u!1 &6928951406346500723
GameObject:
  m_ObjectHideFlags: 0
  m_CorrespondingSourceObject: {fileID: 0}
  m_PrefabInstance: {fileID: 0}
  m_PrefabAsset: {fileID: 0}
  serializedVersion: 6
  m_Component:
  - component: {fileID: 7738103606347931849}
  - component: {fileID: 5458109056995589204}
  m_Layer: 0
  m_Name: texturedMan (1)
  m_TagString: Untagged
  m_Icon: {fileID: 0}
  m_NavMeshLayer: 0
  m_StaticEditorFlags: 0
  m_IsActive: 1
--- !u!4 &7738103606347931849
Transform:
  m_ObjectHideFlags: 0
  m_CorrespondingSourceObject: {fileID: 0}
  m_PrefabInstance: {fileID: 0}
  m_PrefabAsset: {fileID: 0}
  m_GameObject: {fileID: 6928951406346500723}
  m_LocalRotation: {x: -0, y: -0.0004545078, z: -0, w: 0.99999994}
  m_LocalPosition: {x: -3.2, y: -0.468, z: 4.5}
  m_LocalScale: {x: 1, y: 1, z: 1}
  m_Children:
  - {fileID: 1716875765886382167}
  - {fileID: 3365405418256250955}
  - {fileID: 682767230096199494}
  - {fileID: 9087954029798195078}
  - {fileID: 3949552179805105318}
  - {fileID: 155490400185030342}
  - {fileID: 3821162263790748225}
  - {fileID: 571271331078922050}
  m_Father: {fileID: 0}
  m_RootOrder: 0
  m_LocalEulerAnglesHint: {x: 0, y: -0.052, z: 0}
--- !u!114 &5458109056995589204
MonoBehaviour:
  m_ObjectHideFlags: 0
  m_CorrespondingSourceObject: {fileID: 0}
  m_PrefabInstance: {fileID: 0}
  m_PrefabAsset: {fileID: 0}
  m_GameObject: {fileID: 6928951406346500723}
  m_Enabled: 1
  m_EditorHideFlags: 0
  m_Script: {fileID: 11500000, guid: aa584fbee541324448dd18d8409c7a41, type: 3}
  m_Name: 
  m_EditorClassIdentifier: 
  ObservedComponentsFoldoutOpen: 1
  Group: 0
  prefixField: -1
  Synchronization: 3
  OwnershipTransfer: 0
  observableSearch: 2
  ObservedComponents: []
  sceneViewId: 0
  InstantiationId: 0
  isRuntimeInstantiated: 0
--- !u!1 &7385254301769506306
GameObject:
  m_ObjectHideFlags: 0
  m_CorrespondingSourceObject: {fileID: 0}
  m_PrefabInstance: {fileID: 0}
  m_PrefabAsset: {fileID: 0}
  serializedVersion: 6
  m_Component:
  - component: {fileID: 4797254608109439576}
  m_Layer: 0
  m_Name: mixamorig7:RightHandThumb3
  m_TagString: Untagged
  m_Icon: {fileID: 0}
  m_NavMeshLayer: 0
  m_StaticEditorFlags: 0
  m_IsActive: 1
--- !u!4 &4797254608109439576
Transform:
  m_ObjectHideFlags: 0
  m_CorrespondingSourceObject: {fileID: 0}
  m_PrefabInstance: {fileID: 0}
  m_PrefabAsset: {fileID: 0}
  m_GameObject: {fileID: 7385254301769506306}
  m_LocalRotation: {x: 0.00010205271, y: 0.001197028, z: 0.03777104, w: 0.9992857}
  m_LocalPosition: {x: 0.001677351, y: 0.035482023, z: -0.00000014424323}
  m_LocalScale: {x: 1, y: 1.0000001, z: 1}
  m_Children:
  - {fileID: 8384757803799409065}
  m_Father: {fileID: 4813899307962658093}
  m_RootOrder: 0
  m_LocalEulerAnglesHint: {x: 0, y: 0, z: 0}
--- !u!1 &7419597114991539385
GameObject:
  m_ObjectHideFlags: 0
  m_CorrespondingSourceObject: {fileID: 0}
  m_PrefabInstance: {fileID: 0}
  m_PrefabAsset: {fileID: 0}
  serializedVersion: 6
  m_Component:
  - component: {fileID: 2130121633225310678}
  m_Layer: 0
  m_Name: mixamorig7:RightHandPinky3
  m_TagString: Untagged
  m_Icon: {fileID: 0}
  m_NavMeshLayer: 0
  m_StaticEditorFlags: 0
  m_IsActive: 1
--- !u!4 &2130121633225310678
Transform:
  m_ObjectHideFlags: 0
  m_CorrespondingSourceObject: {fileID: 0}
  m_PrefabInstance: {fileID: 0}
  m_PrefabAsset: {fileID: 0}
  m_GameObject: {fileID: 7419597114991539385}
  m_LocalRotation: {x: 0.0000020851926, y: 0.00006474361, z: 0.0018008563, w: 0.9999984}
  m_LocalPosition: {x: -0.00007832676, y: 0.022292616, z: 0.000000020768729}
  m_LocalScale: {x: 1, y: 1, z: 0.99999994}
  m_Children:
  - {fileID: 7501157212476499952}
  m_Father: {fileID: 1785751878325826676}
  m_RootOrder: 0
  m_LocalEulerAnglesHint: {x: 0, y: 0, z: 0}
--- !u!1 &7493652165537723300
GameObject:
  m_ObjectHideFlags: 0
  m_CorrespondingSourceObject: {fileID: 0}
  m_PrefabInstance: {fileID: 0}
  m_PrefabAsset: {fileID: 0}
  serializedVersion: 6
  m_Component:
  - component: {fileID: 2953873749063184553}
  m_Layer: 0
  m_Name: mixamorig7:LeftToe_End
  m_TagString: Untagged
  m_Icon: {fileID: 0}
  m_NavMeshLayer: 0
  m_StaticEditorFlags: 0
  m_IsActive: 1
--- !u!4 &2953873749063184553
Transform:
  m_ObjectHideFlags: 0
  m_CorrespondingSourceObject: {fileID: 0}
  m_PrefabInstance: {fileID: 0}
  m_PrefabAsset: {fileID: 0}
  m_GameObject: {fileID: 7493652165537723300}
  m_LocalRotation: {x: -0.000000056606954, y: -0.00000019243453, z: 0.000000022748281,
    w: 1}
  m_LocalPosition: {x: -0.000000013820826, y: 0.07798872, z: -2.9802322e-10}
  m_LocalScale: {x: 1, y: 0.9999999, z: 1}
  m_Children: []
  m_Father: {fileID: 6526720862707494071}
  m_RootOrder: 0
  m_LocalEulerAnglesHint: {x: 0, y: 0, z: 0}
--- !u!1 &7567930424687848265
GameObject:
  m_ObjectHideFlags: 0
  m_CorrespondingSourceObject: {fileID: 0}
  m_PrefabInstance: {fileID: 0}
  m_PrefabAsset: {fileID: 0}
  serializedVersion: 6
  m_Component:
  - component: {fileID: 2633731542317550535}
  m_Layer: 0
  m_Name: mixamorig7:LeftHandThumb1
  m_TagString: Untagged
  m_Icon: {fileID: 0}
  m_NavMeshLayer: 0
  m_StaticEditorFlags: 0
  m_IsActive: 1
--- !u!4 &2633731542317550535
Transform:
  m_ObjectHideFlags: 0
  m_CorrespondingSourceObject: {fileID: 0}
  m_PrefabInstance: {fileID: 0}
  m_PrefabAsset: {fileID: 0}
  m_GameObject: {fileID: 7567930424687848265}
  m_LocalRotation: {x: 0.21793254, y: -0.09357965, z: -0.21412857, w: 0.94757444}
  m_LocalPosition: {x: 0.03039417, y: 0.0317145, z: 0.013246945}
  m_LocalScale: {x: 1.0000001, y: 0.99999994, z: 0.99999994}
  m_Children:
  - {fileID: 5404642058096416109}
  m_Father: {fileID: 2729510906667754798}
  m_RootOrder: 4
  m_LocalEulerAnglesHint: {x: 0, y: 0, z: 0}
--- !u!1 &7657832671482911090
GameObject:
  m_ObjectHideFlags: 0
  m_CorrespondingSourceObject: {fileID: 0}
  m_PrefabInstance: {fileID: 0}
  m_PrefabAsset: {fileID: 0}
  serializedVersion: 6
  m_Component:
  - component: {fileID: 5246991968109674873}
  m_Layer: 0
  m_Name: mixamorig7:RightForeArm
  m_TagString: Untagged
  m_Icon: {fileID: 0}
  m_NavMeshLayer: 0
  m_StaticEditorFlags: 0
  m_IsActive: 1
--- !u!4 &5246991968109674873
Transform:
  m_ObjectHideFlags: 0
  m_CorrespondingSourceObject: {fileID: 0}
  m_PrefabInstance: {fileID: 0}
  m_PrefabAsset: {fileID: 0}
  m_GameObject: {fileID: 7657832671482911090}
  m_LocalRotation: {x: -0.000000789612, y: -0.0019877658, z: -0.0000002449226, w: 0.99999803}
  m_LocalPosition: {x: -2.6266206e-10, y: 0.23758733, z: -0.000000028945287}
  m_LocalScale: {x: 0.99999994, y: 1.0000001, z: 1.0000002}
  m_Children:
  - {fileID: 2412539369384860487}
  m_Father: {fileID: 3380973132502100897}
  m_RootOrder: 0
  m_LocalEulerAnglesHint: {x: 0, y: 0, z: 0}
--- !u!1 &7822755519577068789
GameObject:
  m_ObjectHideFlags: 0
  m_CorrespondingSourceObject: {fileID: 0}
  m_PrefabInstance: {fileID: 0}
  m_PrefabAsset: {fileID: 0}
  serializedVersion: 6
  m_Component:
  - component: {fileID: 2412539369384860487}
  m_Layer: 0
  m_Name: mixamorig7:RightHand
  m_TagString: Untagged
  m_Icon: {fileID: 0}
  m_NavMeshLayer: 0
  m_StaticEditorFlags: 0
  m_IsActive: 1
--- !u!4 &2412539369384860487
Transform:
  m_ObjectHideFlags: 0
  m_CorrespondingSourceObject: {fileID: 0}
  m_PrefabInstance: {fileID: 0}
  m_PrefabAsset: {fileID: 0}
  m_GameObject: {fileID: 7822755519577068789}
  m_LocalRotation: {x: 0.011854027, y: 0.011851632, z: -0.047785923, w: 0.99871695}
  m_LocalPosition: {x: 0.00000000485883, y: 0.23424459, z: 0.00000006761222}
  m_LocalScale: {x: 0.9999999, y: 0.9999998, z: 0.99999994}
  m_Children:
  - {fileID: 8629511986485481023}
  - {fileID: 5632182999275630816}
  - {fileID: 7148693638482782121}
  - {fileID: 6924546448911640291}
  - {fileID: 3480250678402925770}
  m_Father: {fileID: 5246991968109674873}
  m_RootOrder: 0
  m_LocalEulerAnglesHint: {x: 0, y: 0, z: 0}
--- !u!1 &7949208538505222218
GameObject:
  m_ObjectHideFlags: 0
  m_CorrespondingSourceObject: {fileID: 0}
  m_PrefabInstance: {fileID: 0}
  m_PrefabAsset: {fileID: 0}
  serializedVersion: 6
  m_Component:
  - component: {fileID: 4410716909838537801}
  m_Layer: 0
  m_Name: mixamorig7:LeftHandThumb3
  m_TagString: Untagged
  m_Icon: {fileID: 0}
  m_NavMeshLayer: 0
  m_StaticEditorFlags: 0
  m_IsActive: 1
--- !u!4 &4410716909838537801
Transform:
  m_ObjectHideFlags: 0
  m_CorrespondingSourceObject: {fileID: 0}
  m_PrefabInstance: {fileID: 0}
  m_PrefabAsset: {fileID: 0}
  m_GameObject: {fileID: 7949208538505222218}
  m_LocalRotation: {x: 0.00019196833, y: -0.0018950325, z: -0.03711477, w: 0.9993092}
  m_LocalPosition: {x: -0.00212952, y: 0.033182938, z: 0.00000006824732}
  m_LocalScale: {x: 1, y: 0.9999999, z: 1.0000001}
  m_Children:
  - {fileID: 645354495241786951}
  m_Father: {fileID: 5404642058096416109}
  m_RootOrder: 0
  m_LocalEulerAnglesHint: {x: 0, y: 0, z: 0}
--- !u!1 &7988353690283621548
GameObject:
  m_ObjectHideFlags: 0
  m_CorrespondingSourceObject: {fileID: 0}
  m_PrefabInstance: {fileID: 0}
  m_PrefabAsset: {fileID: 0}
  serializedVersion: 6
  m_Component:
  - component: {fileID: 887912775331276770}
  m_Layer: 0
  m_Name: mixamorig7:Hips
  m_TagString: Untagged
  m_Icon: {fileID: 0}
  m_NavMeshLayer: 0
  m_StaticEditorFlags: 0
  m_IsActive: 1
--- !u!4 &887912775331276770
Transform:
  m_ObjectHideFlags: 0
  m_CorrespondingSourceObject: {fileID: 0}
  m_PrefabInstance: {fileID: 0}
  m_PrefabAsset: {fileID: 0}
  m_GameObject: {fileID: 7988353690283621548}
  m_LocalRotation: {x: 0.000000008509851, y: -0.00000009466896, z: 0.0000032716414,
    w: 1}
  m_LocalPosition: {x: -0.00000035108764, y: 0.979916, z: -0.00964191}
  m_LocalScale: {x: 1, y: 1, z: 1}
  m_Children:
  - {fileID: 5003320984012842096}
  - {fileID: 4347328239035312993}
  - {fileID: 60734200119642146}
  m_Father: {fileID: 1716875765886382167}
  m_RootOrder: 0
  m_LocalEulerAnglesHint: {x: 0, y: 0, z: 0}
--- !u!1 &8097194663349606576
GameObject:
  m_ObjectHideFlags: 0
  m_CorrespondingSourceObject: {fileID: 0}
  m_PrefabInstance: {fileID: 0}
  m_PrefabAsset: {fileID: 0}
  serializedVersion: 6
  m_Component:
  - component: {fileID: 571271331078922050}
  - component: {fileID: 9141858989681023656}
  m_Layer: 0
  m_Name: Ch08_Sneakers
  m_TagString: Untagged
  m_Icon: {fileID: 0}
  m_NavMeshLayer: 0
  m_StaticEditorFlags: 0
  m_IsActive: 1
--- !u!4 &571271331078922050
Transform:
  m_ObjectHideFlags: 0
  m_CorrespondingSourceObject: {fileID: 0}
  m_PrefabInstance: {fileID: 0}
  m_PrefabAsset: {fileID: 0}
  m_GameObject: {fileID: 8097194663349606576}
  m_LocalRotation: {x: 0.00000008146034, y: -0.00000004371139, z: 3.566466e-15, w: 1}
  m_LocalPosition: {x: -0.000000010589138, y: 1.4901091e-10, z: 0.0000000042747703}
  m_LocalScale: {x: 1, y: 1, z: 1}
  m_Children: []
  m_Father: {fileID: 7738103606347931849}
  m_RootOrder: 7
  m_LocalEulerAnglesHint: {x: 0, y: 0, z: 0}
--- !u!137 &9141858989681023656
SkinnedMeshRenderer:
  m_ObjectHideFlags: 0
  m_CorrespondingSourceObject: {fileID: 0}
  m_PrefabInstance: {fileID: 0}
  m_PrefabAsset: {fileID: 0}
  m_GameObject: {fileID: 8097194663349606576}
  m_Enabled: 1
  m_CastShadows: 1
  m_ReceiveShadows: 1
  m_DynamicOccludee: 1
  m_MotionVectors: 1
  m_LightProbeUsage: 1
  m_ReflectionProbeUsage: 1
  m_RayTracingMode: 3
  m_RayTraceProcedural: 0
  m_RenderingLayerMask: 1
  m_RendererPriority: 0
  m_Materials:
  - {fileID: 2100000, guid: 60f2f037a54ea7743a59fa2fb8e8c8c4, type: 2}
  m_StaticBatchInfo:
    firstSubMesh: 0
    subMeshCount: 0
  m_StaticBatchRoot: {fileID: 0}
  m_ProbeAnchor: {fileID: 0}
  m_LightProbeVolumeOverride: {fileID: 0}
  m_ScaleInLightmap: 1
  m_ReceiveGI: 1
  m_PreserveUVs: 0
  m_IgnoreNormalsForChartDetection: 0
  m_ImportantGI: 0
  m_StitchLightmapSeams: 1
  m_SelectedEditorRenderState: 3
  m_MinimumChartSize: 4
  m_AutoUVMaxDistance: 0.5
  m_AutoUVMaxAngle: 89
  m_LightmapParameters: {fileID: 0}
  m_SortingLayerID: 0
  m_SortingLayer: 0
  m_SortingOrder: 0
  serializedVersion: 2
  m_Quality: 0
  m_UpdateWhenOffscreen: 0
  m_SkinnedMotionVectors: 1
  m_Mesh: {fileID: 3219702795208179121, guid: da2bd05a890945f438a5eb58e847b037, type: 3}
  m_Bones:
  - {fileID: 887912775331276770}
  - {fileID: 60734200119642146}
  - {fileID: 3267836516922628300}
  - {fileID: 3729859693274257103}
  - {fileID: 756836611002916178}
  - {fileID: 3388376609411715377}
  - {fileID: 8731614391407315200}
  - {fileID: 3232833615810983776}
  - {fileID: 3894228926233417351}
  - {fileID: 5490414415214010519}
  - {fileID: 2729510906667754798}
  - {fileID: 2633731542317550535}
  - {fileID: 5404642058096416109}
  - {fileID: 4410716909838537801}
  - {fileID: 645354495241786951}
  - {fileID: 1714490468280131566}
  - {fileID: 7728772716993686644}
  - {fileID: 8813932460502045989}
  - {fileID: 2796345739140478199}
  - {fileID: 3586051826767877800}
  - {fileID: 2065200717531570137}
  - {fileID: 8157060859345506992}
  - {fileID: 4239166120321646420}
  - {fileID: 4291192419277786759}
  - {fileID: 2483493866039083900}
  - {fileID: 3477384652010480635}
  - {fileID: 4608035708170208255}
  - {fileID: 7205980608262808212}
  - {fileID: 2585000393140487883}
  - {fileID: 5093930223000810241}
  - {fileID: 8428275643057404922}
  - {fileID: 606102158708391541}
  - {fileID: 3380973132502100897}
  - {fileID: 5246991968109674873}
  - {fileID: 2412539369384860487}
  - {fileID: 3480250678402925770}
  - {fileID: 4813899307962658093}
  - {fileID: 4797254608109439576}
  - {fileID: 8384757803799409065}
  - {fileID: 8629511986485481023}
  - {fileID: 7304939489993156766}
  - {fileID: 1939950039635791238}
  - {fileID: 5476734428892420727}
  - {fileID: 5632182999275630816}
  - {fileID: 468129316034960663}
  - {fileID: 2033892447152697143}
  - {fileID: 2382330807306658101}
  - {fileID: 6924546448911640291}
  - {fileID: 3548324101711008175}
  - {fileID: 6798979872337152980}
  - {fileID: 5651211639685375182}
  - {fileID: 7148693638482782121}
  - {fileID: 1785751878325826676}
  - {fileID: 2130121633225310678}
  - {fileID: 7501157212476499952}
  - {fileID: 5003320984012842096}
  - {fileID: 8951919700484106637}
  - {fileID: 6346050010583870228}
  - {fileID: 6526720862707494071}
  - {fileID: 2953873749063184553}
  - {fileID: 4347328239035312993}
  - {fileID: 6420461008548329384}
  - {fileID: 1139607038868432817}
  - {fileID: 581989638565591130}
  - {fileID: 1954746126063738210}
  m_BlendShapeWeights: []
  m_RootBone: {fileID: 887912775331276770}
  m_AABB:
    m_Center: {x: 0.000008352101, y: -0.94942063, z: 0.052613474}
    m_Extent: {x: 0.1903753, y: 0.17740303, z: 0.1880619}
  m_DirtyAABB: 0
--- !u!1 &8274286640675067431
GameObject:
  m_ObjectHideFlags: 0
  m_CorrespondingSourceObject: {fileID: 0}
  m_PrefabInstance: {fileID: 0}
  m_PrefabAsset: {fileID: 0}
  serializedVersion: 6
  m_Component:
  - component: {fileID: 6924546448911640291}
  m_Layer: 0
  m_Name: mixamorig7:RightHandRing1
  m_TagString: Untagged
  m_Icon: {fileID: 0}
  m_NavMeshLayer: 0
  m_StaticEditorFlags: 0
  m_IsActive: 1
--- !u!4 &6924546448911640291
Transform:
  m_ObjectHideFlags: 0
  m_CorrespondingSourceObject: {fileID: 0}
  m_PrefabInstance: {fileID: 0}
  m_PrefabAsset: {fileID: 0}
  m_GameObject: {fileID: 8274286640675067431}
  m_LocalRotation: {x: -0.012365831, y: -0.0011635396, z: 0.049167324, w: 0.9987134}
  m_LocalPosition: {x: 0.011119013, y: 0.10183941, z: -0.000037123114}
  m_LocalScale: {x: 1, y: 0.99999976, z: 0.9999998}
  m_Children:
  - {fileID: 3548324101711008175}
  m_Father: {fileID: 2412539369384860487}
  m_RootOrder: 3
  m_LocalEulerAnglesHint: {x: 0, y: 0, z: 0}
--- !u!1 &8365052852386768870
GameObject:
  m_ObjectHideFlags: 0
  m_CorrespondingSourceObject: {fileID: 0}
  m_PrefabInstance: {fileID: 0}
  m_PrefabAsset: {fileID: 0}
  serializedVersion: 6
  m_Component:
  - component: {fileID: 2729510906667754798}
  m_Layer: 0
  m_Name: mixamorig7:LeftHand
  m_TagString: Untagged
  m_Icon: {fileID: 0}
  m_NavMeshLayer: 0
  m_StaticEditorFlags: 0
  m_IsActive: 1
--- !u!4 &2729510906667754798
Transform:
  m_ObjectHideFlags: 0
  m_CorrespondingSourceObject: {fileID: 0}
  m_PrefabInstance: {fileID: 0}
  m_PrefabAsset: {fileID: 0}
  m_GameObject: {fileID: 8365052852386768870}
  m_LocalRotation: {x: -0.0012672041, y: -0.012696708, z: 0.04701743, w: 0.99881256}
  m_LocalPosition: {x: -0.000000004225876, y: 0.2342724, z: 0.000000017219572}
  m_LocalScale: {x: 1, y: 0.99999976, z: 1}
  m_Children:
  - {fileID: 1714490468280131566}
  - {fileID: 3586051826767877800}
  - {fileID: 7205980608262808212}
  - {fileID: 4291192419277786759}
  - {fileID: 2633731542317550535}
  m_Father: {fileID: 5490414415214010519}
  m_RootOrder: 0
  m_LocalEulerAnglesHint: {x: 0, y: 0, z: 0}
--- !u!1 &8451722649375047470
GameObject:
  m_ObjectHideFlags: 0
  m_CorrespondingSourceObject: {fileID: 0}
  m_PrefabInstance: {fileID: 0}
  m_PrefabAsset: {fileID: 0}
  serializedVersion: 6
  m_Component:
  - component: {fileID: 3548324101711008175}
  m_Layer: 0
  m_Name: mixamorig7:RightHandRing2
  m_TagString: Untagged
  m_Icon: {fileID: 0}
  m_NavMeshLayer: 0
  m_StaticEditorFlags: 0
  m_IsActive: 1
--- !u!4 &3548324101711008175
Transform:
  m_ObjectHideFlags: 0
  m_CorrespondingSourceObject: {fileID: 0}
  m_PrefabInstance: {fileID: 0}
  m_PrefabAsset: {fileID: 0}
  m_GameObject: {fileID: 8451722649375047470}
  m_LocalRotation: {x: 0.0000006223372, y: -0.00009183705, z: -0.0040141866, w: 0.99999195}
  m_LocalPosition: {x: 0.000087730434, y: 0.029100232, z: -0.00000011944408}
  m_LocalScale: {x: 1.0000001, y: 1, z: 1.0000001}
  m_Children:
  - {fileID: 6798979872337152980}
  m_Father: {fileID: 6924546448911640291}
  m_RootOrder: 0
  m_LocalEulerAnglesHint: {x: 0, y: 0, z: 0}
--- !u!1 &8666700732893616399
GameObject:
  m_ObjectHideFlags: 0
  m_CorrespondingSourceObject: {fileID: 0}
  m_PrefabInstance: {fileID: 0}
  m_PrefabAsset: {fileID: 0}
  serializedVersion: 6
  m_Component:
  - component: {fileID: 6798979872337152980}
  m_Layer: 0
  m_Name: mixamorig7:RightHandRing3
  m_TagString: Untagged
  m_Icon: {fileID: 0}
  m_NavMeshLayer: 0
  m_StaticEditorFlags: 0
  m_IsActive: 1
--- !u!4 &6798979872337152980
Transform:
  m_ObjectHideFlags: 0
  m_CorrespondingSourceObject: {fileID: 0}
  m_PrefabInstance: {fileID: 0}
  m_PrefabAsset: {fileID: 0}
  m_GameObject: {fileID: 8666700732893616399}
  m_LocalRotation: {x: 0.0000005381641, y: 0.00012241355, z: 0.0034884103, w: 0.9999939}
  m_LocalPosition: {x: -0.00013454616, y: 0.026975228, z: -0.00000023137832}
  m_LocalScale: {x: 1, y: 0.9999999, z: 0.9999999}
  m_Children:
  - {fileID: 5651211639685375182}
  m_Father: {fileID: 3548324101711008175}
  m_RootOrder: 0
  m_LocalEulerAnglesHint: {x: 0, y: 0, z: 0}
--- !u!1 &8691158223129166825
GameObject:
  m_ObjectHideFlags: 0
  m_CorrespondingSourceObject: {fileID: 0}
  m_PrefabInstance: {fileID: 0}
  m_PrefabAsset: {fileID: 0}
  serializedVersion: 6
  m_Component:
  - component: {fileID: 5651211639685375182}
  m_Layer: 0
  m_Name: mixamorig7:RightHandRing4
  m_TagString: Untagged
  m_Icon: {fileID: 0}
  m_NavMeshLayer: 0
  m_StaticEditorFlags: 0
  m_IsActive: 1
--- !u!4 &5651211639685375182
Transform:
  m_ObjectHideFlags: 0
  m_CorrespondingSourceObject: {fileID: 0}
  m_PrefabInstance: {fileID: 0}
  m_PrefabAsset: {fileID: 0}
  m_GameObject: {fileID: 8691158223129166825}
  m_LocalRotation: {x: -0.000000014975312, y: -0.0000000055833813, z: 4.4434495e-10,
    w: 1}
  m_LocalPosition: {x: 0.00004683718, y: 0.023832735, z: 0.000000015272962}
  m_LocalScale: {x: 1.0000001, y: 1.0000001, z: 1.0000001}
  m_Children: []
  m_Father: {fileID: 6798979872337152980}
  m_RootOrder: 0
  m_LocalEulerAnglesHint: {x: 0, y: 0, z: 0}
--- !u!1 &8700428140087782769
GameObject:
  m_ObjectHideFlags: 0
  m_CorrespondingSourceObject: {fileID: 0}
  m_PrefabInstance: {fileID: 0}
  m_PrefabAsset: {fileID: 0}
  serializedVersion: 6
  m_Component:
  - component: {fileID: 2033892447152697143}
  m_Layer: 0
  m_Name: mixamorig7:RightHandMiddle3
  m_TagString: Untagged
  m_Icon: {fileID: 0}
  m_NavMeshLayer: 0
  m_StaticEditorFlags: 0
  m_IsActive: 1
--- !u!4 &2033892447152697143
Transform:
  m_ObjectHideFlags: 0
  m_CorrespondingSourceObject: {fileID: 0}
  m_PrefabInstance: {fileID: 0}
  m_PrefabAsset: {fileID: 0}
  m_GameObject: {fileID: 8700428140087782769}
  m_LocalRotation: {x: 0.00000038348662, y: -0.00008445086, z: -0.0012986445, w: 0.99999917}
  m_LocalPosition: {x: -0.00008319944, y: 0.032667365, z: 0.000000015948972}
  m_LocalScale: {x: 1.0000001, y: 1, z: 1.0000001}
  m_Children:
  - {fileID: 2382330807306658101}
  m_Father: {fileID: 468129316034960663}
  m_RootOrder: 0
  m_LocalEulerAnglesHint: {x: 0, y: 0, z: 0}
--- !u!1 &8754484685741755778
GameObject:
  m_ObjectHideFlags: 0
  m_CorrespondingSourceObject: {fileID: 0}
  m_PrefabInstance: {fileID: 0}
  m_PrefabAsset: {fileID: 0}
  serializedVersion: 6
  m_Component:
  - component: {fileID: 1954746126063738210}
  m_Layer: 0
  m_Name: mixamorig7:RightToe_End
  m_TagString: Untagged
  m_Icon: {fileID: 0}
  m_NavMeshLayer: 0
  m_StaticEditorFlags: 0
  m_IsActive: 1
--- !u!4 &1954746126063738210
Transform:
  m_ObjectHideFlags: 0
  m_CorrespondingSourceObject: {fileID: 0}
  m_PrefabInstance: {fileID: 0}
  m_PrefabAsset: {fileID: 0}
  m_GameObject: {fileID: 8754484685741755778}
  m_LocalRotation: {x: -0.000000020227162, y: 0.0000006141491, z: 0.0000000061409087,
    w: 1}
  m_LocalPosition: {x: 1.3038516e-10, y: 0.077523485, z: -0.0000000010430813}
  m_LocalScale: {x: 0.99999994, y: 1, z: 0.9999999}
  m_Children: []
  m_Father: {fileID: 581989638565591130}
  m_RootOrder: 0
  m_LocalEulerAnglesHint: {x: 0, y: 0, z: 0}
--- !u!1 &9160912083419140046
GameObject:
  m_ObjectHideFlags: 0
  m_CorrespondingSourceObject: {fileID: 0}
  m_PrefabInstance: {fileID: 0}
  m_PrefabAsset: {fileID: 0}
  serializedVersion: 6
  m_Component:
  - component: {fileID: 8951919700484106637}
  m_Layer: 0
  m_Name: mixamorig7:LeftLeg
  m_TagString: Untagged
  m_Icon: {fileID: 0}
  m_NavMeshLayer: 0
  m_StaticEditorFlags: 0
  m_IsActive: 1
--- !u!4 &8951919700484106637
Transform:
  m_ObjectHideFlags: 0
  m_CorrespondingSourceObject: {fileID: 0}
  m_PrefabInstance: {fileID: 0}
  m_PrefabAsset: {fileID: 0}
  m_GameObject: {fileID: 9160912083419140046}
  m_LocalRotation: {x: -0.008947827, y: 0.00006324831, z: 0.0066788686, w: 0.9999377}
  m_LocalPosition: {x: -0.000000014763791, y: 0.41477007, z: 0.0000000035017729}
  m_LocalScale: {x: 1, y: 1, z: 1}
  m_Children:
  - {fileID: 6346050010583870228}
  m_Father: {fileID: 5003320984012842096}
  m_RootOrder: 0
  m_LocalEulerAnglesHint: {x: 0, y: 0, z: 0}
